1820 2568
891 192 1007 233 (36)

293 271 583 318 progrediebantur.
609 269 674 307 Qui
695 274 802 299 autem
820 265 920 308 Phyle
938 266 1081 296 exierant
1097 263 1287 297 exadversus
1305 265 1408 297 hostes
1424 266 1507 298 viam
1524 278 1612 299 corn—

281 325 420 370 ¹plebant
447 323 597 366 quidem,
628 321 682 352 sed
715 320 864 351 ordinum
894 318 1047 349 densitate
1077 317 1178 349 multo
1212 319 1354 358 minore,
1391 320 1511 361 quippe
1541 331 1612 362 quae

291 379 386 410 denos
408 377 509 420 gravis
532 381 699 406 armaturae
724 385 787 404 non
812 371 989 403 excederet.
1027 372 1100 402 Post
1125 371 1240 402 horum
1268 373 1367 403 aciem
1397 372 1613 414 sequebantur

292 431 418 463 scutarii
452 435 482 459 et
514 427 701 471 jaculatores
735 427 813 457 levis
847 431 1035 464 armaturae,
1069 436 1147 467 quos
1181 425 1383 468 excipiebant
1413 426 1611 468 funditores,

294 496 405 526 magno
426 492 578 520 numero,
604 492 678 511 nani
699 486 731 511 et
755 491 791 510 ex
819 479 892 521 ipsis
916 477 1013 522 hujus
1036 477 1095 509 loci
1123 478 1233 510 incolis
1255 479 1460 511 advenerant.
1492 480 1613 522 Atque,

292 537 367 568 dum
391 535 563 565 adventant
583 533 704 572 hostes,
727 532 944 575 Thrasybulus
965 532 1028 562 suis
1046 532 1200 574 imperat,
1225 538 1264 564 ut
1283 539 1370 564 scuta
1392 539 1522 575 ponant.
1544 534 1614 575 Ipse

293 589 402 626 etiam,
426 593 514 618 scuto
538 598 594 617 suo
615 586 731 628 posito,
756 585 878 616 caeteris
899 585 993 615 armis
1016 591 1160 626 opertus,
1184 591 1266 616 stans
1286 587 1320 616 in
1345 587 1472 628 agmine
1492 586 1614 625 medio,

293 639 472 683 gravissima
488 645 520 670 et
537 637 749 670 efficacissima
765 638 906 668 oratione
923 636 1038 668 milites
1059 649 1131 668 suos
1147 637 1186 668 ad
1206 638 1356 681 proelium
1380 650 1495 681 magno
1509 640 1616 670 animo

291 692 467 725 ineundum
490 704 564 723 cum
587 690 758 722 certissima
778 691 918 722 victoriae
939 702 993 732 spe
1013 691 1212 721 cohortatur:
1235 691 1311 721 hinc
1334 692 1419 722 enim
1441 703 1499 733 pro
1513 692 1614 734 patria

289 746 419 777 summis
443 745 562 777 viribus
586 750 765 787 pugnatum
788 744 826 773 iri
848 744 944 781 dixit,
971 743 1044 773 inde
1070 755 1125 785 pro
1151 744 1254 774 aliena
1280 744 1495 775 dominatione
1521 746 1616 776 ineu-

290 801 387 838 riose,
409 798 493 840 quod
514 798 578 841 jam
598 797 805 827 ostendissent
825 796 944 834 hostes,
967 807 1042 826 cum
1061 795 1112 826 die
1131 795 1169 826 ab
1189 796 1249 826 hoc
1268 797 1381 838 quinto
1397 796 1435 826 ab
1454 797 1617 828 exsulibus

290 853 322 882 in
350 852 459 893 fugam
490 855 594 881 essent
620 850 692 879 acti.
730 847 776 878 Ut
804 847 844 878 ad
870 847 901 877 id
929 853 1081 889 praeterea
1111 847 1295 887 attendant,
1328 849 1425 879 socios
1449 849 1619 889 hortatur,

291 905 375 948 quod
393 905 445 934 Dii
464 904 538 946 ipsis
558 902 661 944 palam
684 901 761 932 adeo
779 906 882 931 essent
905 900 1052 942 propitii,
1080 906 1118 931 ut
1137 907 1210 931 ante
1233 901 1356 944 Phylen
1382 903 1456 944 ipsae
1477 908 1618 945 tempes-

290 965 383 996 tate5‚
402 957 490 1000 jussu
510 955 634 995 divino,
652 954 820 992 libertatis,
842 954 969 985 virtutis
987 959 1083 995 atque
1102 954 1292 985 innocentiae
1317 956 1530 997 patrocinium
1547 967 1619 987 sus-

289 1012 406 1054 cepisse
425 1011 502 1042 visae
516 1014 628 1040 essent.
655 1007 831 1038 Admonuit
854 1006 969 1037 deinde
986 1017 1037 1037 eos
1058 1006 1117 1037 loci
1133 1007 1171 1037 ad
1194 1008 1405 1049 pugnandum
1426 1008 1484 1039 sibi
1500 1020 1619 1051 perop-

289 1064 437 1107 portuni,
454 1073 554 1104 quum
571 1060 757 1099 adversarii,
779 1059 956 1091 acclivitate
972 1059 1133 1102 impediti,
1149 1059 1189 1090 ob
1204 1072 1276 1091 suos
1295 1067 1368 1091 ante
1383 1072 1415 1092 se
1437 1061 1618 1102 collocatos,

288 1127 394 1159 neque
417 1115 503 1154 telis,
524 1125 631 1156 neque
650 1113 762 1156 jaculis
782 1113 830 1143 uti
849 1118 989 1154 possent:
1013 1113 1088 1143 socii
1106 1118 1231 1152 contra,
1253 1113 1384 1157 dejectis
1404 1125 1462 1156 per
1482 1114 1617 1146 declivia

289 1170 387 1207 saxis,
409 1168 536 1211 jaculis,
562 1167 739 1208 hastisque,
764 1165 905 1196 hostium
929 1165 1045 1196 multos
1065 1166 1133 1196 sine
1156 1165 1254 1196 dubio
1274 1172 1378 1197 essent
1404 1166 1615 1198 vulneraturi.

289 1223 436 1265 Denique
459 1222 503 1252 ita
525 1220 701 1263 peroravit,
725 1225 763 1250 ut
783 1218 938 1250 militibus
962 1230 1150 1261 persuasum
1174 1224 1269 1258 esset,
1293 1230 1357 1249 non
1381 1220 1488 1250 minus
1511 1219 1619 1250 beatos

291 1287 341 1307 eos
363 1276 489 1306 futuros
513 1285 594 1313 esse,
620 1273 677 1316 qui
696 1273 730 1303 in
753 1272 813 1303 hoc
834 1272 948 1314 proelio
972 1278 1107 1303 mortem
1133 1283 1208 1303 cum
1230 1272 1293 1304 vita
1315 1278 1419 1303 essent
1437 1279 1618 1304 commuta-

292 1331 371 1369 turi,
395 1340 492 1371 quam
514 1328 586 1370 qui,
612 1325 744 1359 victoria
766 1325 876 1368 parta,
902 1324 1005 1364 diem,
1032 1336 1136 1356 unum
1161 1325 1305 1355 omnium
1332 1324 1617 1367 jucundissimum,

292 1382 442 1413 libertatis
469 1382 651 1412 instauratae
680 1378 893 1421 adspectaturi
919 1383 1032 1409 essent.
1067 1378 1142 1409 Haec
1168 1377 1224 1409 ubi
1253 1377 1401 1416 dixisset,
1434 1378 1469 1408 in
1494 1378 1618 1409 hostem

293 1447 479 1474 conversus,
504 1446 537 1466 se
559 1441 666 1465 tamen
691 1445 708 1463 a
733 1431 848 1475 proelio
871 1430 1063 1462 continebat.
1097 1429 1247 1462 Edixerat
1274 1431 1361 1462 enim
1384 1430 1546 1471 hariolus,
1577 1442 1619 1462 ne

292 1489 379 1530 prius
400 1489 521 1520 hostem
537 1487 740 1525 invaderent,
771 1496 869 1528 quam
891 1484 1005 1527 aliquis
1020 1485 1216 1527 exipsorum
1237 1484 1304 1515 acie
1328 1483 1380 1516 vel
1400 1483 1543 1523 cederet,
1567 1483 1620 1515 vel

293 1542 526 1574 vulneraretur.
554 1541 620 1572 »Id
643 1540 700 1572 ubi
722 1538 895 1578 evenerit”‚
921 1539 1044 1580 inquit,
1073 1549 1092 1568 ))
1108 1548 1164 1568 nos
1186 1536 1386 1580 praeibimus:
1413 1536 1544 1568 victoria
1566 1546 1620 1567 vos

294 1600 457 1636 sequetur,
482 1606 533 1626 me
558 1594 688 1637 quidem
709 1603 808 1632 mors,
835 1597 872 1622 ut
897 1589 1040 1633 opinor.”
1073 1590 1123 1621 Ab
1151 1591 1237 1621 omni
1261 1596 1351 1632 parte
1376 1589 1503 1628 evenit,
1533 1588 1620 1631 quod

294 1645 442 1677 futurum
464 1646 661 1688 praedixerat.
687 1645 793 1684 Quam
814 1644 955 1687 primum
976 1643 1062 1674 enim
1081 1649 1170 1674 scuta
1193 1644 1403 1685 accepissent,
1424 1642 1507 1684 ipse,
1529 1642 1619 1683 quasi

294 1697 359 1728 fato
381 1698 518 1739 quodam
542 1699 671 1738 ductus,
699 1699 821 1741 primus
840 1697 951 1728 insiliit
971 1698 1005 1728 in
1030 1697 1236 1736 adversarios,
1263 1706 1440 1738 eorumque
1460 1696 1493 1725 in
1513 1694 1619 1725 medio

293 1756 429 1781 mortem
462 1753 611 1793 oppetiit:
642 1751 785 1795 sepultus
814 1756 920 1793 postea
951 1761 988 1781 eo
1014 1750 1095 1789 loci,
1126 1748 1182 1781 ubi
1211 1748 1379 1791 Cephissus
1413 1748 1514 1778 amnis
1539 1747 1621 1779 vado

294 1802 485 1834 transibatur
505 1803 562 1844 (1).
591 1804 674 1834 Tum
698 1804 754 1835 diu
775 1805 927 1834 acerrime
951 1809 1130 1846 pugnatur-⁴,
1160 1812 1237 1832 caeso
1268 1800 1397 1831 tandem
1427 1799 1540 1839 Critia,
1566 1806 1619 1842 ty-

295 1867 468 1887 rannorum
488 1857 653 1887 saevissimo
674 1857 771 1897 duce,
797 1864 862 1888 tam
886 1857 1053 1900 gloriosam
1074 1861 1208 1887 mortem
1233 1854 1365 1884 minime
1389 1854 1521 1892 merito,
1548 1853 1620 1884 vic-

294 1909 373 1939 toria
401 1908 532 1939 illustris
561 1907 599 1938 ab
626 1909 786 1940 exsulibus
814 1917 846 1941 et
875 1910 1074 1954 Thrasybulo
1100 1915 1147 1941 est
1175 1914 1275 1952 parta.
1312 1907 1501 1939 Perturbata
1529 1907 1619 1937 enim

352 1999 390 2029 (1)
408 1999 518 2030 Xenoplc.
536 2000 579 2028 ΙΙ,Ι
593 1999 619 2028 4,
639 1999 652 2029 §
669 2006 764 2029 10-19.
