1763 2511
779 179 795 221 (
821 191 857 222 ¹7
881 180 897 222 )

177 253 235 292 sit,
258 264 322 283 non
344 257 451 284 autem
473 251 624 283 credibile
644 256 708 290 est3
729 250 984 293 videturpotius
1004 252 1142 286 Antonio
1162 255 1276 297 tribui,
1302 264 1339 289 ut
1361 270 1502 301 personae

176 305 380 349 probabilitas
400 311 580 336 servaretur
600 302 700 345 (conf.
718 313 786 344 cap.
811 304 826 333 1
842 303 940 347 hujus
955 304 1058 348 libri).
1077 306 1159 339 Fieri
1175 310 1304 351 quidem
1325 318 1442 354 potest,
1466 320 1502 345 ut

175 359 271 402 pauci
297 357 462 388 extiterint
480 355 742 398 philosophorum
764 356 951 388 Graecorum
979 358 1069 399 libri,
1099 362 1154 403 qui
1182 362 1319 394 lecturos
1343 365 1502 398 indicibus

178 411 380 454 deceperint,
401 409 488 452 quod
502 409 627 440 fuerint
647 410 790 452 inscripti
808 410 846 441 de
861 410 955 442 rebus
970 412 1052 442 notis
1067 419 1099 445 et
1113 414 1288 447 illustribus
1305 417 1345 447 de
1362 419 1500 457 virtute,

177 464 218 495 de
228 463 391 506 justitia,
413 468 474 493 etc.
488 486 496 501 ,
523 462 645 504 quique
663 469 794 506 propter
811 471 960 507 angustas
978 471 1010 496 et
1028 468 1166 499 concisas
1185 468 1412 512 disputationes
1433 473 1502 505 fere

174 517 311 558 intelligi
330 526 395 546 non
416 521 563 557 possentj,
588 526 701 546 verum
717 516 865 559 plerique
885 518 907 548 ii
927 517 1000 548 libri
1014 521 1195 561 argumenti
1208 522 1403 566 philosophi,
1423 537 1501 567 quos

176 570 362 600 Graecorum
376 568 531 599 habemus
551 569 749 611 superstites,
770 580 974 613 nequaquam
993 570 1156 603 obscurius
1171 574 1279 617 scripti
1294 583 1382 616 sunt,
1405 589 1501 620 quam

172 622 344 666 pollicetur
367 622 543 664 inscriptio.
572 639 614 646 —-
633 623 670 653 In
693 622 784 654 nullo
805 624 893 654 enim
915 635 981 655 non
1002 625 1225 668 Xenophontis
1248 627 1354 659 libello
1376 629 1464 661 locus
1484 643 1501 662 e

171 675 372 719 philosophia
392 675 435 705 ita
457 680 630 715 tractatur,
657 681 695 707 ut
722 676 816 708 facile
841 678 938 720 possit
956 678 1107 722 intelligi:
1132 681 1239 712 minus
1262 682 1361 724 igitur
1386 685 1502 716 vitium

171 728 234 759 hoc
257 728 430 759 obtinuisse
453 727 598 767 videtur,
626 740 723 770 quam
746 730 877 772 quidem
900 731 977 762 dicit
1000 732 1177 774 Antonius,
1204 745 1311 778 neque
1332 742 1438 768 tamen
1463 749 1500 769 eo

172 780 327 814 vacabant
347 781 444 811 Stoici
468 782 669 813 vetustiores.

761 854 834 885 CAP.
865 856 917 887 18.

213 925 287 956 Nec
312 925 396 956 mihi
425 936 507 967 opus
532 931 586 956 est
616 925 742 958 Graeco
771 928 887 970 aliquo
917 928 1047 960 doctore
1069 948 1113 955 —
1134 931 1197 962 secl
1214 943 1360 973 pueros,
1394 941 1456 965 aut

551 980 777 1011 adolescentes
802 981 916 1012 docere
941 988 1112 1014 conantur.

211 1049 347 1081 Romani
362 1050 397 1081 in
414 1050 562 1082 omnibus
576 1050 689 1091 rebus,
711 1063 783 1094 quae
803 1052 843 1083 ad
865 1054 961 1085 vitam
982 1054 1108 1086 civilem
1129 1057 1308 1098 pertinent,
1329 1069 1425 1089 usum
1445 1059 1498 1090 in—

166 1103 278 1146 primis
296 1102 517 1145 requirebant,
534 1104 620 1146 quod
632 1105 759 1147 egregie
769 1116 808 1136 ex
824 1105 885 1137 hoc
900 1106 969 1138 loco
984 1113 1085 1149 patet,
1097 1107 1153 1139 ubi
1170 1110 1283 1141 merito
1297 1110 1497 1143 Phormionis

166 1155 253 1187 illius
271 1155 406 1186 stultitia
422 1157 659 1199 perstringitur.
678 1157 811 1189 Minime
828 1165 935 1190 autem
953 1160 1101 1192 universe
1117 1161 1268 1204 culpandi
1281 1169 1372 1194 erant
1392 1165 1496 1196 Graeci

165 1208 324 1248 doctores,
341 1209 426 1251 quod
448 1209 487 1240 de
503 1215 570 1240 arte
589 1209 717 1241 dicendi
736 1217 896 1253 praecepta
911 1211 1038 1252 darent,
1055 1215 1230 1255 praesertim
1242 1216 1267 1245 si
1282 1215 1342 1246 hoc
1354 1216 1496 1249 facerent

164 1261 271 1304 (quod
289 1262 323 1292 in
344 1262 408 1292 fine
427 1261 576 1305 additur)
601 1264 710 1305 pueris
724 1269 760 1294 et
778 1263 1030 1295 adolescentulis.

208 1312 393 1345 Notandum
410 1313 546 1347 verbum
566 1314 744 1347 decantare
763 1316 930 1359 proprium
950 1328 1016 1348 esse
1036 1317 1096 1349 hac
1113 1318 1146 1349 in
1167 1329 1213 1350 re.
1234 1319 1385 1352 Similiter
1407 1323 1494 1354 enim

164 1378 260 1410 supra
281 1366 350 1397 Lib.
372 1367 403 1407 I,
429 1378 498 1410 cap.
522 1368 581 1407 23,
603 1369 807 1400 cantilenam
828 1381 870 1400 ex
890 1370 1026 1401 scholis.

690 1450 763 1482 Cn».
789 1452 831 1484 19
854 1463 891 1483 ET
913 1453 966 1483 20.

223 1521 329 1552 Erras
361 1521 496 1559 Catule,
531 1523 644 1565 inquit
667 1524 847 1554 Antonius
870 1540 915 1547 —
938 1524 1078 1555 invictos
1103 1525 1192 1556 viros
1226 1525 1340 1568 efficit,
1371 1538 1437 1558 non

584 1574 755 1617 difficilius
785 1581 857 1606 arte
882 1575 1072 1618 conjuncta.

208 1654 347 1699 Longior
366 1654 470 1695 locus,
490 1656 545 1698 qui
568 1661 675 1687 tamen
691 1662 775 1688 totus
797 1663 863 1688 erat
880 1657 1078 1690 indicandus.
1103 1659 1198 1690 Initio
1218 1658 1350 1700 dicitur,
1365 1660 1490 1693 Graecos

162 1707 328 1738 neminem
344 1707 560 1741 Romanorum
579 1710 755 1753 quidquam
770 1711 950 1754 intelligere
965 1711 1126 1752 arbitrari,
1147 1713 1233 1755 quod
1252 1724 1327 1744 sane
1347 1719 1489 1757 tempore

163 1758 268 1790 Catuli
288 1765 321 1790 et
339 1760 485 1802 Antonii,
507 1762 564 1804 qui
584 1762 739 1794 florebant
759 1763 841 1794 circa
861 1764 899 1795 A.
921 1764 963 1795 U.
985 1764 1051 1796 660
1072 1770 1104 1796 et
1124 1766 1220 1796 etiam
1237 1771 1344 1808 postea
1359 1766 1402 1797 ita
1422 1778 1489 1799 sese

161 1811 309 1844 hahuisse
330 1813 481 1846 credibile
504 1821 568 1856 est,
594 1827 654 1848 nec
673 1828 800 1860 prorsus
820 1817 948 1862 injuste.
971 1817 1090 1856 Quales
1109 1818 1195 1849 enim
1212 1818 1368 1849 Romanos
1387 1830 1488 1851 nove-

161 1871 234 1897 rant
252 1866 381 1898 Graeci‘?
403 1868 435 1899 vi
459 1880 621 1901 armorum
643 1869 759 1902 devicti
782 1871 906 1913 experti
929 1876 1020 1902 erant
1040 1870 1173 1913 optimos
1198 1881 1250 1902 eos
1270 1882 1335 1902 esse
1359 1871 1485 1903 milites.

162 1918 224 1950 Sed
242 1925 373 1962 propter
394 1927 609 1963 contemtum,
632 1934 695 1966 quo
711 1923 928 1966 pulcherrima
948 1922 1002 1954 illa
1015 1923 1089 1954 artis
1109 1934 1220 1966 opera,
1240 1929 1373 1963 statuas,
1399 1934 1484 1964 vasa,

162 1970 285 2005 tabulas
302 1973 417 2016 pictas»,
438 1974 514 2016 alia,
536 1975 771 2019 adspiciebant,
796 1983 828 2008 et
851 1983 981 2021 propter
990 1988 1156 2048 3summam
1177 1977 1403 2020 ignorantiam,
1423 1987 1486 2019 qua
