1763 2511
742 120 899 193 (1585

140 225 154 257 ξ
177 221 222 249 65.
246 221 288 249 Dc
310 230 428 259 corpore
452 220 546 248 delicti
552 241 1372 256 .................
1419 232 1474 257 104

139 271 156 306 §
178 271 223 298 64.
248 270 289 298 De
311 269 480 308 probatione
507 270 573 298 facti
597 291 1373 305 ................
1419 279 1473 306 106

140 321 156 356 §
178 320 224 347 65.
248 319 289 347 Dc
311 319 480 358 probatione
504 319 628 348 auctoris
643 339 651 355 ,
676 320 734 348 sive
755 320 790 349 de
809 321 884 349 sacto
907 322 942 350 ad
965 331 1079 350 causam
1101 322 1189 351 relato
1212 345 1219 352 .
1264 346 1270 352 .
1315 346 1321 352 .
1367 346 1373 352 .
1419 335 1471 365 ¹09

139 369 155 405 §
178 369 223 397 66.
247 369 289 397 De
310 369 500 408 imputatione
519 370 548 397 in
570 379 681 408 poenam
703 390 1372 402 ..............
1419 385 1473 403 110

138 418 155 453 §
176 418 223 455 67.
247 417 289 445 De
312 417 423 446 delictis
448 417 610 452 voluntate,
633 418 719 457 culpd
741 418 785 446 vel
808 418 874 446 dolo
896 419 1051 448 commissis
1060 441 1371 451 .......
1418 433 1470 451 112

138 467 154 502 §
176 466 223 494 68.
246 465 369 494 cuinam
389 474 417 495 et
435 468 580 506 quomodo
601 467 753 504 voluntas,
775 465 859 506 culpa
882 474 969 507 atque
991 468 1074 497 dolus
1096 469 1154 497 sint
1176 471 1321 508 probanda
1365 494 1372 500 .
1418 473 1471 500 116

137 516 154 552 §
175 516 221 553 69.
245 515 445 546 Accusationis
469 527 576 545 summa
600 537 1370 549 ................
1417 530 1468 549 121

558 585 716 614 CAPUT
758 584 1000 613 POSTERIU
1016 584 1045 613 S.

619 653 666 681 De
693 663 804 681 reorum
831 652 1008 691 defensione.

136 722 153 757 §
176 730 221 758 70.
245 721 287 748 De
309 722 479 749 innocentiae
503 721 726 760 praesumptione
751 741 1369 754 ..............
1416 727 1469 754 125

135 770 152 806 §
174 779 221 806 71.
243 768 414 808 Quotuplici
437 769 522 798 modo
546 780 662 798 reorum
685 769 815 798 defensio
838 771 930 810 possit
953 771 1066 800 institui
1109 793 1370 802 ......
1416 775 1470 803 126

134 818 151 854 §
173 827 220 855 72.
243 818 285 846 De
306 818 482 846 inficiatione
505 828 557 857 per
577 819 798 848 infirmationem
820 820 962 860 probandi
983 821 1144 850 mediorum
1161 821 1266 862 quihus
1282 833 1371 852 accu-

273 873 349 895 sator
377 877 446 895 usus
472 874 513 895 est
546 888 1370 899 .................
1417 874 1469 901 126

134 916 151 952 §
173 916 219 953 73.
242 915 284 944 De
306 915 480 944 inficiatione
500 925 552 955 per
575 924 777 954 argumentum
800 917 834 946 ab
857 918 1025 957 impossibili
1045 918 1091 947 vel
1117 918 1297 958 improbabili
1317 920 1370 949 de—

265 965 384 993 ductum
388 986 1368 997 ....................
1414 969 1470 998 128

134 1015 151 1050 §
172 1014 219 1051 74.
242 1014 285 1042 De
307 1013 525 1053 exceptionibus
542 1035 1369 1045 .................
1414 1019 1467 1047 133

133 1062 151 1098 ς
173 1063 219 1099 75.
241 1062 386 1091 Judicium
390 1083 1367 1093 ....................
1413 1066 1468 1094 134

475 1131 577 1162 PARS
625 1131 801 1170 QUARTA
846 1132 902 1162 ET
946 1132 1121 1164 ULTIMA.

521 1204 577 1234 De
593 1203 833 1245 probationum
856 1205 1081 1247 legislatione.

134 1278 149 1311 §
171 1275 217 1312 76.
241 1274 443 1303 Proh-‘itionum
470 1274 610 1311 legislatio
635 1276 714 1314 apud
740 1276 871 1304 barbaras
899 1284 997 1312 gentes
1001 1297 1366 1306 ........
1412 1279 1463 1316 137

133 1325 150 1360 §
172 1335 218 1362 77.
241 1324 284 1351 De
304 1322 508 1362 probationum
534 1322 713 1361 legislatione
739 1325 818 1363 apud
854 1325 998 1352 Romanos
1001 1344 1366 1353 ........
1412 1326 1465 1354 158

133 1374 150 1409 §
172 1371 218 1410 78.
241 1373 285 1400 De
305 1371 424 1403 divensis
448 1381 511 1411 quae
535 1379 602 1411 post
624 1382 754 1401 eversum
779 1372 933 1411 imperium
954 1373 1118 1401 Romanum
1138 1373 1167 1400 in
1188 1373 1304 1412 Europa
1322 1374 1366 1401 vi-

266 1427 391 1458 guerunt
413 1420 555 1460 probandi
580 1421 678 1449 formis
704 1430 798 1460 usque
827 1421 863 1448 ad
885 1430 937 1449 nos
950 1440 1365 1449 .........
1411 1422 1463 1461 139

133 1472 149 1506 §
171 1480 218 1508 79.
240 1469 326 1498 Varia
347 1469 420 1498 circa
444 1469 647 1508 probationum
670 1468 878 1506 legislationem
898 1475 1046 1508 systemata
1052 1489 1364 1498 .......
1410 1471 1464 1499 144

133 1519 150 1554 ἕ
171 1518 218 1546 80.
241 1517 445 1547 Probationum
464 1517 599 1556 legalium
625 1525 746 1557 systema
766 1529 781 1547 a
802 1518 916 1558 judiciis
933 1528 1050 1558 prorsus
1072 1527 1133 1546 esse
1149 1518 1364 1547 removendum.
1411 1520 1463 1548 146

133 1571 147 1603 §
169 1568 216 1596 81.
239 1567 367 1607 Systema
388 1567 553 1606 Filangierii
578 1570 698 1608 ejusque
723 1569 860 1598 refutatio
900 1588 1364 1596 ..........
1410 1567 1463 1606 149

134 1616 150 1651 §
171 1616 218 1644 82.
241 1616 283 1645 De
304 1617 436 1654 genuinis
470 1623 569 1645 contra
590 1617 752 1657 iniquitatis
778 1616 824 1646 vel
843 1616 991 1655 imperitiae
1013 1615 1175 1656 periculum
1198 1626 1233 1644 ex
1259 1615 1365 1645 intimae

264 1665 452 1695 convictionis
471 1673 622 1706 systemate
643 1667 801 1696 oriundum
823 1665 957 1696 remediis
998 1685 1362 1694 ........
1408 1666 1459 1693 151

134 1713 150 1748 §
172 1713 217 1742 85.
240 1714 349 1744 Votum
372 1721 399 1744 et
421 1714 568 1746 conclusio
590 1734 1362 1745 ................
1407 1713 1462 1742 ι55

663 1863 759 1894 FINIS
799 1861 949 1892 INDICIS.
