<?xml version="1.0" encoding="UTF-8"?>
<!DOCTYPE html PUBLIC "-//W3C//DTD XHTML 1.0 Transitional//EN"
    "http://www.w3.org/TR/xhtml1/DTD/xhtml1-transitional.dtd">
<html xmlns="http://www.w3.org/1999/xhtml" xml:lang="en" lang="en">
 <head>
  <title>
</title>
<meta http-equiv="Content-Type" content="text/html;charset=utf-8" />
  <meta name='ocr-system' content='tesseract 3.04.00' />
  <meta name='ocr-capabilities' content='ocr_page ocr_carea ocr_par ocr_line ocrx_word'/>
</head>
<body>
  <div class='ocr_page' id='page_1' title='image "annalesacademiae24gand_0121.png"; bbox 0 0 1763 2511; ppageno 0'>
   <div class='ocr_carea' id='block_1_1' title="bbox 208 199 1460 423">
    <p class='ocr_par' dir='ltr' id='par_1_1' title="bbox 208 199 1460 423">
     <span class='ocr_line' id='line_1_1' title="bbox 774 199 894 241; baseline 0 0"><span class='ocrx_word' id='word_1_1' title='bbox 774 199 790 241; x_wconf 91' lang='lat'>(</span> <span class='ocrx_word' id='word_1_2' title='bbox 818 201 854 230; x_wconf 79' lang='lat'>¹3</span> <span class='ocrx_word' id='word_1_3' title='bbox 877 200 894 241; x_wconf 89' lang='lat'><strong>)</strong></span> 
     </span>
     <span class='ocr_line' id='line_1_2' title="bbox 757 293 910 333; baseline 0 -9"><span class='ocrx_word' id='word_1_4' title='bbox 757 293 830 325; x_wconf 70' lang='lat' dir='ltr'>CAp.</span> <span class='ocrx_word' id='word_1_5' title='bbox 855 293 910 333; x_wconf 79' lang='grc'>45.</span> 
     </span>
     <span class='ocr_line' id='line_1_3' title="bbox 208 376 1460 423; baseline -0.002 -11"><span class='ocrx_word' id='word_1_6' title='bbox 208 381 334 423; x_wconf 82' lang='lat' dir='ltr'>Itaque</span> <span class='ocrx_word' id='word_1_7' title='bbox 361 386 400 411; x_wconf 79' lang='lat' dir='ltr'>ut</span> <span class='ocrx_word' id='word_1_8' title='bbox 425 378 519 421; x_wconf 80' lang='lat' dir='ltr'>apud</span> <span class='ocrx_word' id='word_1_9' title='bbox 546 377 689 409; x_wconf 84' lang='lat' dir='ltr'>Graecos</span> <span class='ocrx_word' id='word_1_10' title='bbox 714 395 757 402; x_wconf 93' lang='lat'>—</span> <span class='ocrx_word' id='word_1_11' title='bbox 780 377 913 408; x_wconf 83' lang='lat' dir='ltr'>Aelius</span> <span class='ocrx_word' id='word_1_12' title='bbox 942 376 1063 408; x_wconf 79' lang='lat' dir='ltr'><em>Sextus</em></span> <span class='ocrx_word' id='word_1_13' title='bbox 1090 377 1253 420; x_wconf 83' lang='lat' dir='ltr'>multique</span> <span class='ocrx_word' id='word_1_14' title='bbox 1274 384 1460 419; x_wconf 79' lang='lat' dir='ltr'>praeterea.</span> 
     </span>
    </p>
   </div>
   <div class='ocr_carea' id='block_1_2' title="bbox 169 459 1505 868">
    <p class='ocr_par' dir='ltr' id='par_1_2' title="bbox 169 459 1505 868">
     <span class='ocr_line' id='line_1_4' title="bbox 215 459 1501 505; baseline 0 -12"><span class='ocrx_word' id='word_1_15' title='bbox 215 461 394 493; x_wconf 80' lang='lat' dir='ltr'><strong>Fatendum</strong></span> <span class='ocrx_word' id='word_1_16' title='bbox 413 467 475 501; x_wconf 84' lang='lat' dir='ltr'>est,</span> <span class='ocrx_word' id='word_1_17' title='bbox 496 461 619 500; x_wconf 88' lang='lat' dir='ltr'>omnia,</span> <span class='ocrx_word' id='word_1_18' title='bbox 645 471 718 503; x_wconf 87' lang='lat' dir='ltr'>quae</span> <span class='ocrx_word' id='word_1_19' title='bbox 740 460 780 491; x_wconf 86' lang='lat' dir='ltr'>ad</span> <span class='ocrx_word' id='word_1_20' title='bbox 803 459 922 504; x_wconf 88' lang='lat' dir='ltr'>judicia</span> <span class='ocrx_word' id='word_1_21' title='bbox 945 461 1163 503; x_wconf 77' lang='lat' dir='ltr'>pertinebant,</span> <span class='ocrx_word' id='word_1_22' title='bbox 1185 462 1280 505; x_wconf 87' lang='lat' dir='ltr'>longe</span> <span class='ocrx_word' id='word_1_23' title='bbox 1304 462 1446 505; x_wconf 83' lang='lat' dir='ltr'>graviora</span> <span class='ocrx_word' id='word_1_24' title='bbox 1469 468 1501 493; x_wconf 89' lang='lat' dir='ltr'>et</span> 
     </span>
     <span class='ocr_line' id='line_1_5' title="bbox 171 514 1501 558; baseline -0.002 -10"><span class='ocrx_word' id='word_1_25' title='bbox 171 516 302 548; x_wconf 80' lang='lat' dir='ltr'>meliora</span> <span class='ocrx_word' id='word_1_26' title='bbox 323 515 421 546; x_wconf 83' lang='lat' dir='ltr'>fuisse</span> <span class='ocrx_word' id='word_1_27' title='bbox 441 514 527 558; x_wconf 88' lang='lat' dir='ltr'>apud</span> <span class='ocrx_word' id='word_1_28' title='bbox 550 515 720 553; x_wconf 86' lang='lat' dir='ltr'>Romanos,</span> <span class='ocrx_word' id='word_1_29' title='bbox 746 525 844 557; x_wconf 88' lang='lat' dir='ltr'>quam</span> <span class='ocrx_word' id='word_1_30' title='bbox 864 514 951 557; x_wconf 88' lang='lat' dir='ltr'>apud</span> <span class='ocrx_word' id='word_1_31' title='bbox 976 514 1114 546; x_wconf 88' lang='lat' dir='ltr'>Graecos.</span> <span class='ocrx_word' id='word_1_32' title='bbox 1139 534 1182 540; x_wconf 93' lang='lat'><strong>—</strong></span> <span class='ocrx_word' id='word_1_33' title='bbox 1208 515 1304 558; x_wconf 88' lang='lat' dir='ltr'><strong>Apud</strong></span> <span class='ocrx_word' id='word_1_34' title='bbox 1325 515 1394 546; x_wconf 86' lang='lat' dir='ltr'>illos</span> <span class='ocrx_word' id='word_1_35' title='bbox 1414 516 1501 547; x_wconf 88' lang='lat' dir='ltr'>enim</span> 
     </span>
     <span class='ocr_line' id='line_1_6' title="bbox 170 568 1501 611; baseline 0 -11"><span class='ocrx_word' id='word_1_36' title='bbox 170 569 232 602; x_wconf 80' lang='lat' dir='ltr'>viri</span> <span class='ocrx_word' id='word_1_37' title='bbox 255 579 370 611; x_wconf 84' lang='lat' dir='ltr'>magna</span> <span class='ocrx_word' id='word_1_38' title='bbox 398 569 585 600; x_wconf 87' lang='lat' dir='ltr'>auctoritate</span> <span class='ocrx_word' id='word_1_39' title='bbox 610 568 735 611; x_wconf 80' lang='lat' dir='ltr'>praediti</span> <span class='ocrx_word' id='word_1_40' title='bbox 757 574 790 600; x_wconf 89' lang='lat' dir='ltr'>et</span> <span class='ocrx_word' id='word_1_41' title='bbox 809 569 843 599; x_wconf 85' lang='lat' dir='ltr'>in</span> <span class='ocrx_word' id='word_1_42' title='bbox 861 568 1027 611; x_wconf 84' lang='lat' dir='ltr'>republica</span> <span class='ocrx_word' id='word_1_43' title='bbox 1049 570 1164 601; x_wconf 88' lang='lat' dir='ltr'>versati</span> <span class='ocrx_word' id='word_1_44' title='bbox 1187 570 1402 611; x_wconf 84' lang='lat' dir='ltr'>patrocinium</span> <span class='ocrx_word' id='word_1_45' title='bbox 1422 580 1501 600; x_wconf 87' lang='lat' dir='ltr'>cau-</span> 
     </span>
     <span class='ocr_line' id='line_1_7' title="bbox 170 621 1503 666; baseline -0.002 -12"><span class='ocrx_word' id='word_1_46' title='bbox 170 633 277 654; x_wconf 88' lang='lat' dir='ltr'>sarum</span> <span class='ocrx_word' id='word_1_47' title='bbox 298 623 332 653; x_wconf 90' lang='lat' dir='ltr'>in</span> <span class='ocrx_word' id='word_1_48' title='bbox 349 633 382 654; x_wconf 87' lang='lat' dir='ltr'>se</span> <span class='ocrx_word' id='word_1_49' title='bbox 401 622 634 666; x_wconf 82' lang='lat' dir='ltr'>suscipiebant,</span> <span class='ocrx_word' id='word_1_50' title='bbox 651 628 683 654; x_wconf 88' lang='lat' dir='ltr'>et</span> <span class='ocrx_word' id='word_1_51' title='bbox 698 622 737 654; x_wconf 93' lang='lat' dir='ltr'>de</span> <span class='ocrx_word' id='word_1_52' title='bbox 758 622 829 666; x_wconf 87' lang='lat' dir='ltr'>jure</span> <span class='ocrx_word' id='word_1_53' title='bbox 850 622 993 665; x_wconf 83' lang='lat' dir='ltr'>quotidie</span> <span class='ocrx_word' id='word_1_54' title='bbox 1011 621 1257 665; x_wconf 80' lang='lat' dir='ltr'>respondebant:</span> <span class='ocrx_word' id='word_1_55' title='bbox 1278 641 1321 646; x_wconf 90' lang='lat'>—-</span> <span class='ocrx_word' id='word_1_56' title='bbox 1340 621 1426 664; x_wconf 90' lang='lat' dir='ltr'>apud</span> <span class='ocrx_word' id='word_1_57' title='bbox 1445 621 1503 653; x_wconf 88' lang='lat' dir='ltr'>hos</span> 
     </span>
     <span class='ocr_line' id='line_1_8' title="bbox 170 675 1502 721; baseline -0.001 -14"><span class='ocrx_word' id='word_1_58' title='bbox 170 682 280 708; x_wconf 87' lang='lat' dir='ltr'>contra</span> <span class='ocrx_word' id='word_1_59' title='bbox 304 676 497 719; x_wconf 87' lang='lat' dir='ltr'>plerumque</span> <span class='ocrx_word' id='word_1_60' title='bbox 522 676 678 721; x_wconf 87' lang='lat' dir='ltr'>ejusmodi</span> <span class='ocrx_word' id='word_1_61' title='bbox 705 676 850 707; x_wconf 88' lang='lat' dir='ltr'>homines</span> <span class='ocrx_word' id='word_1_62' title='bbox 872 682 980 715; x_wconf 86' lang='lat' dir='ltr'>erant,</span> <span class='ocrx_word' id='word_1_63' title='bbox 1007 682 1044 708; x_wconf 90' lang='lat' dir='ltr'>ut</span> <span class='ocrx_word' id='word_1_64' title='bbox 1069 675 1147 707; x_wconf 86' lang='lat' dir='ltr'>dicit</span> <span class='ocrx_word' id='word_1_65' title='bbox 1170 676 1300 715; x_wconf 86' lang='lat' dir='ltr'>Cicero,</span> <span class='ocrx_word' id='word_1_66' title='bbox 1330 687 1370 706; x_wconf 84' lang='lat' dir='ltr'>ex</span> <span class='ocrx_word' id='word_1_67' title='bbox 1393 676 1502 706; x_wconf 85' lang='lat' dir='ltr'>infima</span> 
     </span>
     <span class='ocr_line' id='line_1_9' title="bbox 169 728 1505 773; baseline -0.001 -12"><span class='ocrx_word' id='word_1_68' title='bbox 169 729 282 772; x_wconf 84' lang='lat' dir='ltr'>plebe,</span> <span class='ocrx_word' id='word_1_69' title='bbox 308 730 365 773; x_wconf 87' lang='lat' dir='ltr'>qui</span> <span class='ocrx_word' id='word_1_70' title='bbox 392 731 544 772; x_wconf 88' lang='lat' dir='ltr'>quoniam</span> <span class='ocrx_word' id='word_1_71' title='bbox 568 730 694 772; x_wconf 84' lang='lat' dir='ltr'>negotia</span> <span class='ocrx_word' id='word_1_72' title='bbox 721 730 840 762; x_wconf 87' lang='lat' dir='ltr'>civium</span> <span class='ocrx_word' id='word_1_73' title='bbox 866 729 1060 770; x_wconf 75' lang='lat' dir='ltr'>tractabant,</span> <span class='ocrx_word' id='word_1_74' title='bbox 1085 741 1156 772; x_wconf 86' lang='lat' dir='ltr'>quae</span> <span class='ocrx_word' id='word_1_75' title='bbox 1181 730 1293 761; x_wconf 87' lang='lat' dir='ltr'>Graece</span> <span class='ocrx_word' id='word_1_76' title='bbox 1321 728 1505 772; x_wconf 66' lang='grc' dir='ltr'>πράγματα</span> 
     </span>
     <span class='ocr_line' id='line_1_10' title="bbox 170 782 1504 826; baseline 0 -13"><span class='ocrx_word' id='word_1_77' title='bbox 170 789 346 823; x_wconf 85' lang='lat' dir='ltr'>vocantur,</span> <span class='ocrx_word' id='word_1_78' title='bbox 367 785 587 826; x_wconf 55' lang='grc' dir='ltr'>πραγματικὴ</span> <span class='ocrx_word' id='word_1_79' title='bbox 603 782 857 825; x_wconf 78' lang='lat' dir='ltr'>appellabantur.</span> <span class='ocrx_word' id='word_1_80' title='bbox 881 784 1001 815; x_wconf 87' lang='lat' dir='ltr'>Eorum</span> <span class='ocrx_word' id='word_1_81' title='bbox 1021 784 1142 814; x_wconf 88' lang='lat' dir='ltr'>mentio</span> <span class='ocrx_word' id='word_1_82' title='bbox 1163 794 1245 826; x_wconf 78' lang='lat' dir='ltr'>saepe</span> <span class='ocrx_word' id='word_1_83' title='bbox 1260 782 1347 825; x_wconf 90' lang='lat' dir='ltr'>apud</span> <span class='ocrx_word' id='word_1_84' title='bbox 1365 788 1504 813; x_wconf 82' lang='lat' dir='ltr'>oratores</span> 
     </span>
     <span class='ocr_line' id='line_1_11' title="bbox 172 835 474 868; baseline 0.003 -2"><span class='ocrx_word' id='word_1_85' title='bbox 172 835 301 867; x_wconf 85' lang='lat' dir='ltr'>Graecos</span> <span class='ocrx_word' id='word_1_86' title='bbox 324 837 474 868; x_wconf 83' lang='lat' dir='ltr'>occurrit.</span> 
     </span>
    </p>
   </div>
   <div class='ocr_carea' id='block_1_3' title="bbox 764 908 917 940">
    <p class='ocr_par' dir='ltr' id='par_1_3' title="bbox 764 908 917 940">
     <span class='ocr_line' id='line_1_12' title="bbox 764 908 917 940; baseline -0.007 -1"><span class='ocrx_word' id='word_1_87' title='bbox 764 908 837 939; x_wconf 74' lang='lat' dir='ltr'>CAP.</span> <span class='ocrx_word' id='word_1_88' title='bbox 864 908 917 940; x_wconf 86' lang='lat'>51.</span> 
     </span>
    </p>
   </div>
   <div class='ocr_carea' id='block_1_4' title="bbox 170 990 1502 1082">
    <p class='ocr_par' dir='ltr' id='par_1_4' title="bbox 170 990 1502 1082">
     <span class='ocr_line' id='line_1_13' title="bbox 170 990 1502 1033; baseline 0 -11"><span class='ocrx_word' id='word_1_89' title='bbox 170 991 326 1033; x_wconf 78' lang='lat' dir='ltr'>Itemque</span> <span class='ocrx_word' id='word_1_90' title='bbox 350 1002 409 1028; x_wconf 81' lang='lat' dir='ltr'>ea,</span> <span class='ocrx_word' id='word_1_91' title='bbox 442 1002 530 1033; x_wconf 80' lang='lat' dir='ltr'>quae</span> <span class='ocrx_word' id='word_1_92' title='bbox 550 992 651 1033; x_wconf 71' lang='lat' dir='ltr'>vulgo</span> <span class='ocrx_word' id='word_1_93' title='bbox 677 990 862 1030; x_wconf 78' lang='lat' dir='ltr'>expetenda</span> <span class='ocrx_word' id='word_1_94' title='bbox 889 1007 933 1013; x_wconf 88' lang='lat'>—-</span> <span class='ocrx_word' id='word_1_95' title='bbox 962 990 1057 1019; x_wconf 87' lang='lat' dir='ltr'>illum</span> <span class='ocrx_word' id='word_1_96' title='bbox 1081 995 1114 1020; x_wconf 80' lang='lat' dir='ltr'>et</span> <span class='ocrx_word' id='word_1_97' title='bbox 1143 990 1345 1021; x_wconf 80' lang='lat' dir='ltr'>Graeculum</span> <span class='ocrx_word' id='word_1_98' title='bbox 1362 997 1502 1032; x_wconf 77' lang='lat' dir='ltr'>putent,</span> 
     </span>
     <span class='ocr_line' id='line_1_14' title="bbox 503 1041 1147 1082; baseline 0 -9"><span class='ocrx_word' id='word_1_99' title='bbox 503 1048 581 1079; x_wconf 80' lang='lat' dir='ltr'>aut,</span> <span class='ocrx_word' id='word_1_100' title='bbox 615 1042 751 1072; x_wconf 79' lang='lat' dir='ltr'>etiamsi</span> <span class='ocrx_word' id='word_1_101' title='bbox 776 1041 875 1072; x_wconf 78' lang='lat' dir='ltr'>valde</span> <span class='ocrx_word' id='word_1_102' title='bbox 894 1042 1057 1082; x_wconf 78' lang='lat' dir='ltr'>probent,</span> <span class='ocrx_word' id='word_1_103' title='bbox 1087 1048 1147 1073; x_wconf 80' lang='lat' dir='ltr'>etc.</span> 
     </span>
    </p>
   </div>
   <div class='ocr_carea' id='block_1_5' title="bbox 169 1112 1505 1478">
    <p class='ocr_par' dir='ltr' id='par_1_5' title="bbox 169 1112 1505 1478">
     <span class='ocr_line' id='line_1_15' title="bbox 214 1112 1505 1157; baseline 0 -10"><span class='ocrx_word' id='word_1_104' title='bbox 214 1115 333 1147; x_wconf 88' lang='lat' dir='ltr'>Totum</span> <span class='ocrx_word' id='word_1_105' title='bbox 366 1115 428 1146; x_wconf 89' lang='lat' dir='ltr'>hoc</span> <span class='ocrx_word' id='word_1_106' title='bbox 457 1120 571 1156; x_wconf 87' lang='lat' dir='ltr'>caput,</span> <span class='ocrx_word' id='word_1_107' title='bbox 600 1113 693 1157; x_wconf 83' lang='lat' dir='ltr'>cujus</span> <span class='ocrx_word' id='word_1_108' title='bbox 718 1112 910 1155; x_wconf 86' lang='lat' dir='ltr'>particulam</span> <span class='ocrx_word' id='word_1_109' title='bbox 938 1119 1065 1145; x_wconf 87' lang='lat' dir='ltr'>tantum</span> <span class='ocrx_word' id='word_1_110' title='bbox 1090 1115 1274 1155; x_wconf 76' lang='lat' dir='ltr'>attulimus,</span> <span class='ocrx_word' id='word_1_111' title='bbox 1306 1127 1323 1146; x_wconf 90' lang='lat' dir='ltr'>a</span> <span class='ocrx_word' id='word_1_112' title='bbox 1352 1115 1505 1147; x_wconf 87' lang='lat' dir='ltr'>Cicerone</span> 
     </span>
     <span class='ocr_line' id='line_1_16' title="bbox 171 1166 1502 1211; baseline 0 -11"><span class='ocrx_word' id='word_1_113' title='bbox 171 1170 371 1201; x_wconf 88' lang='lat' dir='ltr'>consumitur</span> <span class='ocrx_word' id='word_1_114' title='bbox 385 1169 420 1200; x_wconf 91' lang='lat' dir='ltr'>in</span> <span class='ocrx_word' id='word_1_115' title='bbox 437 1168 633 1199; x_wconf 84' lang='lat' dir='ltr'>refutatione</span> <span class='ocrx_word' id='word_1_116' title='bbox 650 1178 760 1198; x_wconf 86' lang='lat' dir='ltr'>eorum</span> <span class='ocrx_word' id='word_1_117' title='bbox 772 1166 1036 1209; x_wconf 80' lang='lat' dir='ltr'>philosophorum</span> <span class='ocrx_word' id='word_1_118' title='bbox 1052 1168 1238 1200; x_wconf 79' lang='lat' dir='ltr'>Graecorum</span> <span class='ocrx_word' id='word_1_119' title='bbox 1247 1192 1255 1208; x_wconf 90' lang='lat'>,</span> <span class='ocrx_word' id='word_1_120' title='bbox 1269 1169 1326 1211; x_wconf 87' lang='lat' dir='ltr'>qui</span> <span class='ocrx_word' id='word_1_121' title='bbox 1336 1168 1502 1209; x_wconf 82' lang='lat' dir='ltr'>docerent,</span> 
     </span>
     <span class='ocr_line' id='line_1_17' title="bbox 169 1220 1504 1265; baseline 0.001 -12"><span class='ocrx_word' id='word_1_122' title='bbox 169 1222 287 1265; x_wconf 88' lang='lat' dir='ltr'>placita</span> <span class='ocrx_word' id='word_1_123' title='bbox 312 1233 370 1253; x_wconf 91' lang='lat' dir='ltr'>sua</span> <span class='ocrx_word' id='word_1_124' title='bbox 390 1222 496 1252; x_wconf 89' lang='lat' dir='ltr'>omnia</span> <span class='ocrx_word' id='word_1_125' title='bbox 517 1220 556 1252; x_wconf 92' lang='lat' dir='ltr'>ab</span> <span class='ocrx_word' id='word_1_126' title='bbox 577 1221 712 1252; x_wconf 85' lang='lat' dir='ltr'>Oratore</span> <span class='ocrx_word' id='word_1_127' title='bbox 733 1231 799 1252; x_wconf 88' lang='lat' dir='ltr'>esse</span> <span class='ocrx_word' id='word_1_128' title='bbox 820 1220 1025 1254; x_wconf 85' lang='lat' dir='ltr'>observanda.</span> <span class='ocrx_word' id='word_1_129' title='bbox 1050 1221 1216 1265; x_wconf 82' lang='lat' dir='ltr'>Ejusmodi</span> <span class='ocrx_word' id='word_1_130' title='bbox 1233 1228 1371 1254; x_wconf 87' lang='lat' dir='ltr'>oratores</span> <span class='ocrx_word' id='word_1_131' title='bbox 1390 1224 1504 1255; x_wconf 88' lang='lat' dir='ltr'>merito</span> 
     </span>
     <span class='ocr_line' id='line_1_18' title="bbox 176 1274 1505 1316; baseline 0.002 -10"><span class='ocrx_word' id='word_1_132' title='bbox 176 1276 358 1306; x_wconf 81' lang='lat' dir='ltr'>Graeculos</span> <span class='ocrx_word' id='word_1_133' title='bbox 378 1274 489 1306; x_wconf 89' lang='lat' dir='ltr'>haberi</span> <span class='ocrx_word' id='word_1_134' title='bbox 509 1274 597 1306; x_wconf 77' lang='lat' dir='ltr'>dicit.</span> <span class='ocrx_word' id='word_1_135' title='bbox 633 1275 792 1316; x_wconf 76' lang='lat' dir='ltr'>Ineptum</span> <span class='ocrx_word' id='word_1_136' title='bbox 814 1280 923 1306; x_wconf 87' lang='lat' dir='ltr'>autem</span> <span class='ocrx_word' id='word_1_137' title='bbox 944 1280 977 1306; x_wconf 92' lang='lat' dir='ltr'>et</span> <span class='ocrx_word' id='word_1_138' title='bbox 1006 1274 1207 1306; x_wconf 81' lang='lat' dir='ltr'>Graeculum</span> <span class='ocrx_word' id='word_1_139' title='bbox 1230 1287 1296 1307; x_wconf 90' lang='lat' dir='ltr'>esse</span> <span class='ocrx_word' id='word_1_140' title='bbox 1316 1276 1350 1307; x_wconf 87' lang='lat' dir='ltr'>h.</span> <span class='ocrx_word' id='word_1_141' title='bbox 1371 1276 1393 1307; x_wconf 95' lang='lat' dir='ltr'>l.</span> <span class='ocrx_word' id='word_1_142' title='bbox 1418 1276 1505 1308; x_wconf 89' lang='lat' dir='ltr'>idem</span> 
     </span>
     <span class='ocr_line' id='line_1_19' title="bbox 172 1327 1503 1372; baseline 0.001 -13"><span class='ocrx_word' id='word_1_143' title='bbox 172 1328 350 1371; x_wconf 84' lang='lat' dir='ltr'>significare</span> <span class='ocrx_word' id='word_1_144' title='bbox 374 1328 536 1361; x_wconf 85' lang='lat' dir='ltr'>videntur.</span> <span class='ocrx_word' id='word_1_145' title='bbox 563 1328 706 1369; x_wconf 78' lang='lat' dir='ltr'>Ineptus</span> <span class='ocrx_word' id='word_1_146' title='bbox 730 1338 806 1360; x_wconf 89' lang='lat' dir='ltr'>vero</span> <span class='ocrx_word' id='word_1_147' title='bbox 827 1328 899 1371; x_wconf 89' lang='lat' dir='ltr'>quis</span> <span class='ocrx_word' id='word_1_148' title='bbox 914 1328 971 1368; x_wconf 87' lang='lat' dir='ltr'>sit,</span> <span class='ocrx_word' id='word_1_149' title='bbox 993 1327 1111 1360; x_wconf 84' lang='lat' dir='ltr'>dicitur</span> <span class='ocrx_word' id='word_1_150' title='bbox 1130 1328 1214 1360; x_wconf 88' lang='lat' dir='ltr'>infra</span> <span class='ocrx_word' id='word_1_151' title='bbox 1229 1328 1285 1360; x_wconf 92' lang='lat' dir='ltr'>lib.</span> <span class='ocrx_word' id='word_1_152' title='bbox 1308 1329 1347 1361; x_wconf 93' lang='lat' dir='ltr'>II.</span> <span class='ocrx_word' id='word_1_153' title='bbox 1373 1341 1442 1372; x_wconf 87' lang='lat' dir='ltr'>cap.</span> <span class='ocrx_word' id='word_1_154' title='bbox 1466 1329 1503 1369; x_wconf 72' lang='lat'>4:</span> 
     </span>
     <span class='ocr_line' id='line_1_20' title="bbox 171 1382 1504 1426; baseline 0 -12"><span class='ocrx_word' id='word_1_155' title='bbox 171 1394 274 1426; x_wconf 89' lang='lat' dir='ltr'>eoque</span> <span class='ocrx_word' id='word_1_156' title='bbox 296 1383 373 1415; x_wconf 89' lang='lat' dir='ltr'>vitio</span> <span class='ocrx_word' id='word_1_157' title='bbox 395 1382 591 1414; x_wconf 86' lang='lat' dir='ltr'>cumulatam</span> <span class='ocrx_word' id='word_1_158' title='bbox 609 1393 675 1413; x_wconf 82' lang='lat' dir='ltr'>esse</span> <span class='ocrx_word' id='word_1_159' title='bbox 696 1382 774 1413; x_wconf 88' lang='lat' dir='ltr'>dicit</span> <span class='ocrx_word' id='word_1_160' title='bbox 794 1382 986 1413; x_wconf 23' lang='lat' dir='ltr'>Graecorum*</span> <span class='ocrx_word' id='word_1_161' title='bbox 1003 1383 1176 1413; x_wconf 84' lang='lat' dir='ltr'>nationem.</span> <span class='ocrx_word' id='word_1_162' title='bbox 1199 1383 1246 1414; x_wconf 88' lang='lat' dir='ltr'>De</span> <span class='ocrx_word' id='word_1_163' title='bbox 1267 1394 1330 1426; x_wconf 84' lang='lat' dir='ltr'>qua</span> <span class='ocrx_word' id='word_1_164' title='bbox 1347 1383 1504 1415; x_wconf 87' lang='lat' dir='ltr'>sententia</span> 
     </span>
     <span class='ocr_line' id='line_1_21' title="bbox 171 1435 726 1478; baseline -0.004 -10"><span class='ocrx_word' id='word_1_165' title='bbox 171 1436 237 1468; x_wconf 77' lang='lat' dir='ltr'>vid.</span> <span class='ocrx_word' id='word_1_166' title='bbox 261 1437 425 1468; x_wconf 88' lang='lat' dir='ltr'>annotatio</span> <span class='ocrx_word' id='word_1_167' title='bbox 446 1442 552 1468; x_wconf 85' lang='lat' dir='ltr'>nostra</span> <span class='ocrx_word' id='word_1_168' title='bbox 577 1446 650 1478; x_wconf 86' lang='lat' dir='ltr'>pag.</span> <span class='ocrx_word' id='word_1_169' title='bbox 674 1435 726 1467; x_wconf 89' lang='lat'>15.</span> 
     </span>
    </p>
   </div>
   <div class='ocr_carea' id='block_1_6' title="bbox 761 1509 916 1541">
    <p class='ocr_par' dir='ltr' id='par_1_6' title="bbox 761 1509 916 1541">
     <span class='ocr_line' id='line_1_22' title="bbox 761 1509 916 1541; baseline -0.006 -1"><span class='ocrx_word' id='word_1_170' title='bbox 761 1509 834 1540; x_wconf 71' lang='lat' dir='ltr'>CAP.</span> <span class='ocrx_word' id='word_1_171' title='bbox 863 1510 916 1541; x_wconf 81' lang='lat'>59.</span> 
     </span>
    </p>
   </div>
   <div class='ocr_carea' id='block_1_7' title="bbox 223 1590 1461 1686">
    <p class='ocr_par' dir='ltr' id='par_1_7' title="bbox 223 1590 1461 1686">
     <span class='ocr_line' id='line_1_23' title="bbox 223 1590 1461 1635; baseline 0.002 -14"><span class='ocrx_word' id='word_1_172' title='bbox 223 1590 318 1630; x_wconf 82' lang='lat' dir='ltr'>Quid</span> <span class='ocrx_word' id='word_1_173' title='bbox 342 1596 395 1622; x_wconf 80' lang='lat' dir='ltr'>est</span> <span class='ocrx_word' id='word_1_174' title='bbox 416 1592 540 1622; x_wconf 86' lang='lat' dir='ltr'>oratori</span> <span class='ocrx_word' id='word_1_175' title='bbox 566 1597 635 1621; x_wconf 79' lang='lat' dir='ltr'>cam</span> <span class='ocrx_word' id='word_1_176' title='bbox 664 1591 889 1621; x_wconf 75' lang='lat' dir='ltr'>necessarium</span> <span class='ocrx_word' id='word_1_177' title='bbox 911 1608 956 1615; x_wconf 91' lang='lat'>—</span> <span class='ocrx_word' id='word_1_178' title='bbox 977 1602 1042 1622; x_wconf 85' lang='lat' dir='ltr'>non</span> <span class='ocrx_word' id='word_1_179' title='bbox 1064 1592 1096 1622; x_wconf 86' lang='lat' dir='ltr'>ei</span> <span class='ocrx_word' id='word_1_180' title='bbox 1112 1593 1366 1635; x_wconf 80' lang='lat' dir='ltr'>pragmaticum</span> <span class='ocrx_word' id='word_1_181' title='bbox 1397 1593 1461 1624; x_wconf 63' lang='lat' dir='ltr'>acb-</span> 
     </span>
     <span class='ocr_line' id='line_1_24' title="bbox 695 1642 967 1686; baseline 0.004 -12"><span class='ocrx_word' id='word_1_182' title='bbox 695 1642 846 1686; x_wconf 82' lang='lat' dir='ltr'>jutorem</span> <span class='ocrx_word' id='word_1_183' title='bbox 877 1643 967 1675; x_wconf 78' lang='lat' dir='ltr'>dare.</span> 
     </span>
    </p>
   </div>
   <div class='ocr_carea' id='block_1_8' title="bbox 174 1715 1505 2084">
    <p class='ocr_par' dir='ltr' id='par_1_8' title="bbox 174 1715 1505 2084">
     <span class='ocr_line' id='line_1_25' title="bbox 219 1715 1504 1763; baseline 0.004 -16"><span class='ocrx_word' id='word_1_184' title='bbox 219 1716 478 1756; x_wconf 84' lang='lat' dir='ltr'>Quodammodo,</span> <span class='ocrx_word' id='word_1_185' title='bbox 490 1717 582 1748; x_wconf 87' lang='lat' dir='ltr'>initio</span> <span class='ocrx_word' id='word_1_186' title='bbox 599 1715 696 1760; x_wconf 88' lang='lat' dir='ltr'>hujus</span> <span class='ocrx_word' id='word_1_187' title='bbox 713 1715 792 1756; x_wconf 90' lang='lat' dir='ltr'>loci,</span> <span class='ocrx_word' id='word_1_188' title='bbox 807 1715 940 1748; x_wconf 84' lang='lat' dir='ltr'>nimiam</span> <span class='ocrx_word' id='word_1_189' title='bbox 951 1716 1040 1748; x_wconf 89' lang='lat' dir='ltr'>illam</span> <span class='ocrx_word' id='word_1_190' title='bbox 1051 1718 1310 1751; x_wconf 81' lang='lat' dir='ltr'>exercitationem</span> <span class='ocrx_word' id='word_1_191' title='bbox 1321 1720 1406 1753; x_wconf 90' lang='lat' dir='ltr'>vocis</span> <span class='ocrx_word' id='word_1_192' title='bbox 1418 1719 1504 1763; x_wconf 86' lang='lat' dir='ltr'>apud</span> 
     </span>
     <span class='ocr_line' id='line_1_26' title="bbox 175 1768 1504 1816; baseline 0.004 -16"><span class='ocrx_word' id='word_1_193' title='bbox 175 1768 302 1800; x_wconf 85' lang='lat' dir='ltr'>Graecos</span> <span class='ocrx_word' id='word_1_194' title='bbox 324 1770 457 1801; x_wconf 87' lang='lat' dir='ltr'>irridere</span> <span class='ocrx_word' id='word_1_195' title='bbox 479 1770 608 1803; x_wconf 84' lang='lat' dir='ltr'>videtur</span> <span class='ocrx_word' id='word_1_196' title='bbox 633 1770 756 1801; x_wconf 89' lang='lat' dir='ltr'>Cicero:</span> <span class='ocrx_word' id='word_1_197' title='bbox 788 1782 901 1804; x_wconf 87' lang='lat' dir='ltr'>verum</span> <span class='ocrx_word' id='word_1_198' title='bbox 921 1771 982 1803; x_wconf 89' lang='lat' dir='ltr'>alia</span> <span class='ocrx_word' id='word_1_199' title='bbox 1003 1778 1071 1804; x_wconf 87' lang='lat' dir='ltr'>erat</span> <span class='ocrx_word' id='word_1_200' title='bbox 1093 1783 1144 1805; x_wconf 90' lang='lat' dir='ltr'>res</span> <span class='ocrx_word' id='word_1_201' title='bbox 1167 1773 1256 1816; x_wconf 82' lang='lat' dir='ltr'>apud</span> <span class='ocrx_word' id='word_1_202' title='bbox 1277 1773 1421 1815; x_wconf 81' lang='lat' dir='ltr'>Graecos,</span> <span class='ocrx_word' id='word_1_203' title='bbox 1443 1774 1504 1805; x_wconf 86' lang='lat' dir='ltr'>alia</span> 
     </span>
     <span class='ocr_line' id='line_1_27' title="bbox 174 1822 1505 1871; baseline 0.005 -18"><span class='ocrx_word' id='word_1_204' title='bbox 174 1822 263 1865; x_wconf 82' lang='lat' dir='ltr'>apud</span> <span class='ocrx_word' id='word_1_205' title='bbox 284 1823 451 1854; x_wconf 85' lang='lat' dir='ltr'>Romanos.</span> <span class='ocrx_word' id='word_1_206' title='bbox 477 1824 603 1855; x_wconf 83' lang='lat' dir='ltr'>oratori</span> <span class='ocrx_word' id='word_1_207' title='bbox 624 1824 735 1856; x_wconf 85' lang='lat' dir='ltr'>Graeco</span> <span class='ocrx_word' id='word_1_208' title='bbox 756 1836 835 1868; x_wconf 84' lang='lat' dir='ltr'>opus</span> <span class='ocrx_word' id='word_1_209' title='bbox 850 1831 918 1857; x_wconf 84' lang='lat' dir='ltr'>erat</span> <span class='ocrx_word' id='word_1_210' title='bbox 940 1825 1059 1871; x_wconf 87' lang='lat' dir='ltr'>majore</span> <span class='ocrx_word' id='word_1_211' title='bbox 1081 1827 1166 1860; x_wconf 91' lang='lat' dir='ltr'>vocis</span> <span class='ocrx_word' id='word_1_212' title='bbox 1184 1827 1383 1868; x_wconf 80' lang='lat' dir='ltr'>extensione,</span> <span class='ocrx_word' id='word_1_213' title='bbox 1406 1839 1505 1871; x_wconf 87' lang='lat' dir='ltr'>quam</span> 
     </span>
     <span class='ocr_line' id='line_1_28' title="bbox 174 1875 1500 1922; baseline 0.005 -16"><span class='ocrx_word' id='word_1_214' title='bbox 174 1875 326 1907; x_wconf 88' lang='lat' dir='ltr'>Romano.</span> <span class='ocrx_word' id='word_1_215' title='bbox 354 1876 414 1907; x_wconf 91' lang='lat' dir='ltr'>Hic</span> <span class='ocrx_word' id='word_1_216' title='bbox 438 1877 525 1908; x_wconf 86' lang='lat' dir='ltr'>enim</span> <span class='ocrx_word' id='word_1_217' title='bbox 545 1878 579 1908; x_wconf 90' lang='lat' dir='ltr'>in</span> <span class='ocrx_word' id='word_1_218' title='bbox 603 1877 672 1908; x_wconf 86' lang='lat' dir='ltr'>foro</span> <span class='ocrx_word' id='word_1_219' title='bbox 694 1878 781 1921; x_wconf 92' lang='lat' dir='ltr'>apud</span> <span class='ocrx_word' id='word_1_220' title='bbox 801 1890 912 1922; x_wconf 85' lang='lat' dir='ltr'>graves</span> <span class='ocrx_word' id='word_1_221' title='bbox 930 1879 1086 1911; x_wconf 88' lang='lat' dir='ltr'>Romanos</span> <span class='ocrx_word' id='word_1_222' title='bbox 1105 1879 1201 1912; x_wconf 91' lang='lat' dir='ltr'>verba</span> <span class='ocrx_word' id='word_1_223' title='bbox 1224 1879 1330 1913; x_wconf 86' lang='lat' dir='ltr'>facere</span> <span class='ocrx_word' id='word_1_224' title='bbox 1351 1880 1500 1921; x_wconf 75' lang='lat' dir='ltr'>debebat,</span> 
     </span>
     <span class='ocr_line' id='line_1_29' title="bbox 174 1929 1502 1975; baseline 0.003 -15"><span class='ocrx_word' id='word_1_225' title='bbox 174 1929 255 1960; x_wconf 82' lang='lat' dir='ltr'>alter</span> <span class='ocrx_word' id='word_1_226' title='bbox 274 1930 309 1960; x_wconf 89' lang='lat' dir='ltr'>in</span> <span class='ocrx_word' id='word_1_227' title='bbox 330 1930 482 1961; x_wconf 86' lang='lat' dir='ltr'>concione</span> <span class='ocrx_word' id='word_1_228' title='bbox 503 1930 630 1970; x_wconf 80' lang='lat' dir='ltr'>Graeca,</span> <span class='ocrx_word' id='word_1_229' title='bbox 656 1930 712 1962; x_wconf 81' lang='lat' dir='ltr'>ubi</span> <span class='ocrx_word' id='word_1_230' title='bbox 733 1930 833 1975; x_wconf 88' lang='lat' dir='ltr'>major</span> <span class='ocrx_word' id='word_1_231' title='bbox 849 1932 1014 1965; x_wconf 46' lang='lat' dir='ltr'>turnultus*</span> <span class='ocrx_word' id='word_1_232' title='bbox 1027 1943 1095 1965; x_wconf 86' lang='lat' dir='ltr'>esse</span> <span class='ocrx_word' id='word_1_233' title='bbox 1113 1932 1242 1965; x_wconf 87' lang='lat' dir='ltr'>solebat.</span> <span class='ocrx_word' id='word_1_234' title='bbox 1263 1933 1421 1966; x_wconf 88' lang='lat' dir='ltr'>Probatur</span> <span class='ocrx_word' id='word_1_235' title='bbox 1442 1934 1502 1965; x_wconf 89' lang='lat' dir='ltr'>hoc</span> 
     </span>
     <span class='ocr_line' id='line_1_30' title="bbox 174 1982 1502 2029; baseline 0.005 -17"><span class='ocrx_word' id='word_1_236' title='bbox 174 1982 321 2025; x_wconf 84' lang='lat' dir='ltr'>exemplo</span> <span class='ocrx_word' id='word_1_237' title='bbox 350 1983 573 2014; x_wconf 87' lang='lat' dir='ltr'>Demosthenis</span> <span class='ocrx_word' id='word_1_238' title='bbox 601 1983 642 2015; x_wconf 90' lang='lat' dir='ltr'>ad</span> <span class='ocrx_word' id='word_1_239' title='bbox 675 1995 764 2015; x_wconf 88' lang='lat' dir='ltr'>mare</span> <span class='ocrx_word' id='word_1_240' title='bbox 787 1996 819 2016; x_wconf 91' lang='lat' dir='ltr'>se</span> <span class='ocrx_word' id='word_1_241' title='bbox 841 1986 1028 2017; x_wconf 81' lang='lat' dir='ltr'>exercentis.</span> <span class='ocrx_word' id='word_1_242' title='bbox 1066 1986 1138 2029; x_wconf 91' lang='lat' dir='ltr'>(De</span> <span class='ocrx_word' id='word_1_243' title='bbox 1162 1987 1247 2020; x_wconf 84' lang='lat' dir='ltr'>vocis</span> <span class='ocrx_word' id='word_1_244' title='bbox 1275 1986 1502 2020; x_wconf 78' lang='lat' dir='ltr'>exercitatione</span> 
     </span>
     <span class='ocr_line' id='line_1_31' title="bbox 175 2035 1179 2084; baseline 0.006 -18"><span class='ocrx_word' id='word_1_245' title='bbox 175 2035 261 2066; x_wconf 89' lang='lat' dir='ltr'>conf.</span> <span class='ocrx_word' id='word_1_246' title='bbox 282 2035 401 2068; x_wconf 86' lang='lat' dir='ltr'>Seneca</span> <span class='ocrx_word' id='word_1_247' title='bbox 423 2036 571 2071; x_wconf 83' lang='lat' dir='ltr'>controv.</span> <span class='ocrx_word' id='word_1_248' title='bbox 593 2036 618 2068; x_wconf 92' lang='lat' dir='ltr'>I.</span> <span class='ocrx_word' id='word_1_249' title='bbox 640 2048 774 2081; x_wconf 88' lang='lat' dir='ltr'>prooem.</span> <span class='ocrx_word' id='word_1_250' title='bbox 800 2050 834 2083; x_wconf 88' lang='lat' dir='ltr'>p.</span> <span class='ocrx_word' id='word_1_251' title='bbox 860 2039 901 2072; x_wconf 86' lang='lat'>38</span> <span class='ocrx_word' id='word_1_252' title='bbox 923 2039 1000 2072; x_wconf 87' lang='lat' dir='ltr'>edit.</span> <span class='ocrx_word' id='word_1_253' title='bbox 1021 2039 1179 2084; x_wconf 84' lang='lat' dir='ltr'>Schotti.)</span> 
     </span>
    </p>
   </div>
  </div>
 </body>
</html>
