1820 2568
903 191 920 234 (
944 191 985 223 56
1008 192 1023 234 )

304 269 437 302 contulit
458 268 602 306 societas,
626 278 710 297 anno
732 264 816 306 1734
836 265 931 304 inita,
951 265 1005 296 cui
1024 275 1141 296 nomen
1159 270 1206 295 est
1225 266 1357 307 Society
1375 266 1418 309 qs
1426 267 1630 306 Diletcanti‚

304 332 440 365 quaeque
461 320 594 352 subinde
615 331 716 352 unum
739 325 772 351 et
793 318 929 350 alterum
949 328 968 349 e
985 318 1075 348 sociis
1093 318 1157 349 suis
1175 318 1207 348 in
1230 319 1383 350 Graeciam
1406 321 1502 353 misit.
1525 322 1562 353 In
1580 322 1630 353 his

303 377 471 406 Stant-tam
494 373 614 415 (1751)
639 379 671 405 et
699 372 918 404 Chandlemm
942 371 1084 414 (1764):
1111 371 1163 402 alii
1186 379 1294 414 postea
1314 374 1375 404 iter
1396 374 1566 414 fecerunt,
1595 376 1628 406 in

304 429 418 471 quibus
438 428 655 459 liant-insius
677 426 817 469 (1785),
843 425 1003 467 Elgim'us
1025 425 1130 466 (1799
1145 444 1165 447 —
1182 427 1302 468 1812),
1330 427 1506 465 Clarkius,
1536 428 1634 459 Dod-

304 483 420 512 wella-s
441 481 578 523 (1801),
609 480 740 511 Gellius
759 479 859 521 (1801
879 497 899 501 -
915 477 1034 520 1806),
1063 478 1213 509 Leukius
1228 479 1331 521 (1802
1348 498 1367 503 -
1386 480 1504 522 1808),
1533 482 1636 512 Wa-

305 535 435 566 kinsius
457 533 599 576 (1802),
622 533 740 575 aliique
761 532 854 563 multi
878 531 944 574 (1).
966 531 1113 570 Quorum
1136 531 1266 574 quidam
1288 532 1410 563 tabulas
1433 533 1634 565 Athenarum

303 588 462 619 dederunt
482 586 546 629 (2),
583 586 704 617 nullius
725 591 831 617 autem
856 585 895 617 ad
915 584 1032 629 justam
1057 585 1235 616 Auctorum
1265 586 1560 627 interpretationem
1590 588 1632 619 ita

305 647 413 672 exacta
434 646 498 679 est,
527 646 559 671 et
581 642 722 682 ipsorum
745 640 841 670 etiam
868 639 1013 670 locorum
1040 638 1285 680 explicationem
1307 638 1492 681 adjunctam
1517 638 1633 679 habet,

305 705 400 735 quam
432 693 562 736 quidem
588 694 713 731 LEAKn,
747 693 807 723 viri
837 691 1024 730 doctissimi,
1049 692 1083 722 in
1105 702 1219 734 opere:
1255 691 1322 722 The
1354 692 1573 734 Topogrczplgy
1599 692 1642 735 qs

305 748 445 777 Athens
468 746 549 776 with
568 757 657 776 some
678 746 824 775 remarks
847 756 888 775 on
911 746 954 774 its
976 745 1210 784 Antiquities.
1234 744 1381 783 London,
1409 746 1513 775 1821:
1533 756 1632 788 quem

306 800 424 830 librum
447 809 521 828 cum
546 798 665 827 caeteris
687 797 755 827 fere
776 796 940 835 omnibus,
967 797 1023 838 qui
1045 796 1105 826 hoc
1127 802 1355 836 argumentum
1376 803 1534 839 spectant,
1557 800 1636 831 mihi

306 857 419 883 mutuo
440 849 526 880 dedit
545 849 756 879 Reuvensius
776 848 863 879 Pros.
887 848 1075 891 LeJdensis,
1098 848 1138 879 V.
1157 849 1210 889 C.‚
1235 861 1270 879 ac
1292 849 1432 880 tabulam
1449 861 1487 881 ex
1504 862 1540 882 eo
1557 851 1636 883 libro

306 905 439 948 primam
459 902 511 941 ea,
536 912 598 944 qua
617 907 664 932 est
681 901 901 932 benevolentia
923 912 959 932 ac
977 901 1185 941 liberalitate,
1211 902 1452 934 describendam
1478 904 1558 935 mihi
1578 916 1638 937 cu·-

305 958 394 989 ravit.
410 973 454 979 --
470 954 604 986 Leakius
623 955 721 997 igitur
742 954 823 985 nulli
842 955 910 985 fere
931 954 1029 985 dubio
1051 954 1226 985 obnoxium
1247 966 1313 986 esse
1334 956 1459 995 statuit,
1481 956 1633 988 Hamaxi-

307 1018 377 1042 tum
399 1010 464 1040 sive
484 1008 585 1045 viam,
608 1018 671 1048 qua
692 1017 805 1038 currus
827 1007 866 1037 ab
886 1007 966 1038 urbe
983 1009 1017 1037 in
1037 1008 1176 1039 Piraeum
1198 1020 1376 1040 commeare
1397 1009 1552 1051 solebant,
1572 1023 1637 1043 non

309 1067 392 1095 inter
415 1072 522 1093 muros
544 1060 673 1103 longos,
703 1059 759 1090 sed
783 1059 872 1104 juxta
895 1072 1027 1091 murum
1054 1060 1187 1103 longum
1218 1062 1498 1103 septentrionalem
1525 1069 1557 1094 et
1580 1075 1638 1106 per

306 1116 433 1160 publica
456 1111 600 1156 sepulcra
622 1113 734 1151 fuisse,
761 1113 912 1154 qnoniam
939 1124 1006 1144 non
1027 1125 1043 1144 a
1071 1113 1174 1144 media
1196 1114 1289 1145 Pirael
1312 1115 1481 1156 peninsula
1506 1116 1540 1146 in
1565 1128 1635 1147 me-

309 1171 392 1200 diam
414 1166 527 1199 urbem
546 1164 697 1201 ducebat,
715 1165 768 1196 sed
783 1177 798 1196 a
811 1171 906 1208 portu
917 1166 1010 1196 Piraei
1030 1166 1062 1196 in
1080 1166 1280 1197 ceramicum
1297 1178 1333 1197 ac
1348 1168 1466 1198 forum.
1484 1168 1638 1210 (Argum.

309 1234 367 1265 cap
388 1223 418 1252 1.
439 1222 470 1251 2.
491 1219 607 1250 Attio.
628 1218 760 1249 PAUSAn.
782 1224 813 1249 et
834 1218 855 1249 l.
876 1219 932 1249 IV.
953 1220 1047 1250 PLAT.
1070 1219 1110 1250 de
1129 1220 1273 1260 Republ.
1298 1220 1361 1251 vol.
1377 1221 1416 1250 ΙΙ.
1437 1233 1469 1262 p.
1490 1222 1565 1261 440.
1587 1223 1637 1255 ed.

308 1274 457 1316 Serran.)
489 1271 585 1310 Quod
609 1282 702 1314 porro
728 1270 768 1302 de
798 1271 918 1314 templo
942 1272 1051 1302 Dianae
1078 1272 1279 1314 Munychiae,
1312 1272 1352 1303 de
1378 1272 1562 1315 Bendideo‚
1596 1276 1636 1307 de

311 1329 433 1359 theatro
454 1324 651 1367 Munychiae,
673 1323 805 1365 aliisque
826 1324 964 1355 aedificiis
985 1336 1017 1366 p.
1035 1325 1099 1364 324
1117 1336 1163 1367 sq.
1184 1326 1327 1365 monuit,
1346 1325 1434 1358 lectu
1456 1327 1638 1370 dignissima

311 1386 395 1412 sunt.
426 1379 543 1409 Forum
572 1376 845 1419 Hippodameum,
875 1388 984 1408 eorum
1013 1378 1084 1408 usui
1112 1383 1242 1420 aptum,
1274 1389 1412 1420 quorum
1437 1382 1562 1422 negotia
1590 1394 1639 1413 res

311 1433 483 1465 maritimas
507 1441 569 1461 non
597 1428 797 1472 spectabant,
824 1430 920 1461 situm
947 1430 1045 1461 fuisse
1066 1436 1213 1461 autumat
1233 1442 1332 1473 prope
1351 1431 1476 1471 locum,
1504 1433 1561 1464 ubi
1585 1436 1638 1466 in—

312 1490 426 1518 troitus
446 1490 513 1516 erat
532 1484 565 1514 in
586 1483 723 1514 Piraeum
742 1493 799 1525 per
816 1482 1020 1514 Hamaxitum
1042 1483 1137 1515 viam.
1161 1484 1244 1514 Dein
1264 1484 1441 1516 Diodorum
1461 1487 1638 1528 reprehen-

314 1541 374 1579 dit,
398 1538 490 1582 cujus
510 1535 655 1578 exemplo
675 1546 734 1578 ego
754 1546 883 1578 quoque
904 1536 1110 1578 Munychiam
1132 1536 1297 1567 desertum
1317 1538 1453 1574 collem,
1482 1539 1543 1570 sed
1566 1551 1642 1571 ηια-

316 1595 420 1624 nitum
447 1591 605 1623 immerito
627 1590 757 1629 vocavi,
785 1590 904 1632 quippe
930 1589 1017 1632 quod
1042 1589 1226 1632 epitheton,
1257 1589 1333 1621 licet
1354 1590 1484 1622 sortasse
1510 1593 1640 1625 Diodori

318 1652 407 1677 aetate
431 1656 559 1683 verum,
580 1642 770 1686 Thrasybuli
793 1642 904 1673 saltem
926 1642 1122 1686 temporibus
1142 1654 1207 1674 non
1229 1645 1424 1676 convenerit.
1450 1645 1532 1683 Quae
1547 1645 1641 1679 deni-

379 1756 411 1784 (1)
428 1755 475 1783 Qui
491 1754 560 1783 plura
577 1754 604 1777 de
621 1755 659 1777 his
673 1754 741 1776 rebus
757 1761 895 1785 cognoscere
914 1755 992 1785 cupit,
1016 1754 1086 1777 adeat
1103 1754 1198 1776 Knusn
1214 1762 1286 1784 opus,
1306 1755 1450 1777 Germanica
1467 1755 1551 1786 lingua
1569 1757 1641 1787 scrip-

320 1801 384 1823 tum,
400 1794 438 1817 cui
457 1793 540 1816 titulus
555 1797 602 1815 est:
625 1795 714 1816 Hellas
730 1794 789 1816 oder
798 1794 1169 1825 geographisch-antiquarisclce
1185 1794 1336 1824 dat-stelluug
1351 1795 1391 1816 des
1411 1796 1486 1818 Alton
1510 1795 1642 1820 Grieclaea-

319 1836 402 1859 laudes
421 1834 470 1857 und
486 1834 568 1856 seium>
585 1833 702 1856 Colonien
723 1834 768 1856 mit
789 1838 863 1857 steret·
878 1834 1014 1857 Riicksiclct
1029 1834 1082 1863 auf
1091 1834 1133 1857 die
1157 1841 1234 1857 neuen
1253 1834 1447 1864 Eutdeckuugea
1467 1842 1515 1858 von
1536 1836 1572 1859 D.
1596 1837 1640 1858 Fr.

323 1875 388 1898 Car-l.
409 1874 496 1896 Herm.
514 1872 614 1899 Knusn,
632 1874 674 1894 mit
688 1873 756 1902 kupfi
773 1874 824 1896 und
835 1873 947 1901 clim-teu,
969 1879 987 1896 t.
1007 1875 1026 1896 1.
1045 1881 1069 1904 p.
1087 1875 1129 1897 105
1146 1881 1210 1904 seqq.
1227 1873 1310 1903 Lips.,
1331 1875 1396 1897 1825.

381 1915 413 1944 (2)
431 1913 466 1936 De
490 1912 668 1943 ithuographiis
688 1913 839 1936 Athenarum
866 1914 975 1944 quaedam
997 1914 1093 1937 monuit
1111 1914 1290 1941 Rammius,
1320 1914 1358 1936 Oa
1376 1913 1416 1936 tlte
1438 1915 1597 1945 Topograplty
1615 1916 1648 1945 of

323 1954 416 1978 Athens
438 1953 464 1975 iu
480 1952 555 1978 libro,
576 1951 613 1973 cui
635 1951 718 1973 titulus
736 1956 784 1974 est:
814 1954 930 1976 Memoirs
948 1954 1053 1984 relatiug
1071 1958 1094 1976 lo
1115 1954 1244 1982 Europemt
1266 1953 1317 1975 and
1334 1953 1431 1976 Asiatic
1457 1954 1567 1983 Turkey,
1595 1959 1640 1978 etc.

322 1993 477 2023 editedfrom
497 1993 550 2016 MS.
573 1992 702 2020 Journals,
724 1992 756 2022 by
770 1992 833 2015 Ron.
848 1993 984 2017 wli-rom
1000 1993 1035 2017 M.
1054 1993 1084 2017 A.
1098 1993 1136 2017 ed.
1152 2001 1196 2016 aec.
1212 1993 1305 2022 Βοιὼ,
1326 1993 1390 2015 ι8ι8.
1411 2001 1435 2023 p.
1450 1994 1501 2016 481.
