1820 2568
364 269 365 272 Ἴ
758 219 837 262 (41
862 218 879 262 >

149 293 279 327 fortuna
301 290 406 324 Rhino
426 293 523 324 etiam
545 292 578 324 X
600 292 648 323 vir
671 291 811 321 accessit.
837 290 887 322 Ad
907 302 1004 334 quem
1026 293 1125 336 igitur
1144 294 1303 329 Patrocles
1324 296 1363 330 de
1385 309 1487 342 pecu-

150 349 211 380 niis
232 348 393 386 referens,
416 347 468 378 hic
486 346 524 377 ad
546 345 681 388 collegas
705 344 813 376 ambos
834 344 938 377 duxit.
963 346 1029 385 Qui
1049 359 1124 379 cum
1147 349 1282 386 Senatus
1305 354 1486 385 auctoritati

150 414 219 435 rem
243 401 474 445 permisissent,
500 400 583 430 facto
603 398 722 443 judicio
746 398 913 431 decretum
936 406 997 440 est,
1024 404 1196 444 pecuniam
1218 404 1307 436 illam
1332 417 1398 438 esse
1422 417 1487 452 pu—

150 456 266 488 blicam
288 455 345 498 (1).

195 511 232 541 In
257 507 393 552 publicis
416 512 525 538 autem
547 505 644 538 rebus
669 506 854 539 luculenter
878 508 1107 550 ostenderunt,
1136 522 1170 542 se
1190 512 1285 543 malle
1310 513 1487 556 imperiosis

150 564 269 596 servire
292 561 561 601 Lacedaemoniis,
588 572 686 603 quam
712 562 746 592 in
768 561 868 593 libera
893 562 1036 603 civitate,
1059 574 1095 594 ac
1116 563 1176 594 sub
1196 565 1298 596 forma
1322 567 1486 609 regiminis

149 616 312 661 populari,
335 626 410 646 cum
432 613 555 646 civibus
573 625 665 657 aequo
683 613 756 658 jure
781 615 901 648 vivere.
925 616 1047 647 Eorum
1070 617 1158 648 enim
1179 628 1350 658 consensu,
1376 621 1433 663 qui
1452 621 1486 651 in

150 670 291 713 catalogo
316 674 423 708 erant,
443 668 580 711 legatOS,
603 668 660 711 qui
682 669 839 700 auxilium
861 676 1029 713 peterent,
1055 671 1283 703 Lacedaemona
1307 674 1486 714 miserunt,

148 725 261 758 eodem
281 731 441 768 tempore,
467 735 531 767 quo
550 730 583 755 et
603 736 620 755 a
640 724 743 755 XXX
757 725 832 757 viris
850 725 1003 757 Eleusine
1024 725 1169 768 Spartam
1193 725 1306 757 eodem
1327 728 1487 770 proposito

148 781 245 824 legati
260 780 379 810 iterum
392 778 477 809 missi
488 784 564 809 sunt
574 777 633 820 (2).
650 778 717 816 Qui
731 790 806 810 cum
817 779 1045 811 Lacedaemona
1061 780 1237 820 venissent,
1254 780 1357 812 Phido
1373 781 1405 812 X
1420 782 1486 822 vir,

148 846 234 868 unus
252 834 448 876 legatorum,
470 837 509 863 ut
529 832 563 862 in
583 831 743 862 auxilium
766 833 930 872 venirent,
955 834 1072 873 suasit,
1093 839 1126 864 et
1147 845 1217 864 rem
1239 834 1283 865 ita
1304 836 1485 877 proposuit,

148 894 203 928 ut,
226 887 317 930 quasi
336 885 475 929 populus
493 884 557 929 jam
578 896 596 915 a
617 884 866 917 Lacedaemoniis
890 886 1074 927 defecisset,
1101 892 1207 918 metus
1226 887 1333 919 adesse
1358 888 1488 921 videre—

149 949 220 982 tur,
242 952 284 972 ne
301 941 410 972 civitas
426 939 621 971 Boeotorum
638 940 730 971 fieret
745 939 804 983 (3).
826 941 1059 972 Lacedaemonii
1079 952 1155 974 vero
1175 952 1213 972 eo
1229 947 1373 985 tempore
1390 943 1487 986 paulo

150 995 260 1035 aliter,
281 1006 378 1038 quam
399 1000 492 1025 antea
512 994 685 1025 sentientes
709 991 807 1025 fuisse
832 994 1001 1033 videntur,
1025 1000 1097 1025 tum
1121 995 1259 1026 fortassis
1284 997 1359 1038 quia
1385 997 1487 1028 XXX

150 1050 280 1093 tyranni
299 1047 525 1081 violentissima
545 1048 762 1079 dominatione
778 1047 921 1078 Athenas
936 1047 1127 1077 infirmiores
1147 1048 1243 1078 etiam
1264 1048 1485 1090 reddiderant,

148 1113 246 1146 quam
268 1101 399 1144 quidem
420 1101 480 1142 ipsi
503 1100 635 1131 omnino
658 1100 834 1132 voluissent
848 1101 914 1144 (4),
940 1106 1012 1132 tum
1036 1101 1112 1144 quia
1138 1112 1229 1144 reges
1253 1102 1426 1134 Pausanias
1454 1109 1487 1136 et

147 1155 242 1198 Agis,
268 1165 344 1185 cum
365 1152 511 1186 viderent
529 1152 731 1196 Lysandrum
753 1154 812 1185 toti
833 1154 967 1186 Graeciae
993 1165 1126 1197 praeesse
1148 1161 1181 1186 et
1203 1156 1293 1198 quasi
1319 1156 1487 1189 dominum

146 1219 234 1247 esse,
264 1212 376 1249 utpote
404 1206 461 1249 qui
491 1206 608 1249 oppida
632 1218 707 1239 cum
732 1208 884 1239 sodalitiis
907 1208 1055 1248 tenebat,
1084 1220 1121 1240 eo
1146 1209 1181 1240 in
1205 1208 1313 1241 Africa
1335 1210 1486 1252 absente,

145 1260 355 1306 popularibus
376 1261 521 1303 apprime
550 1260 698 1292 faverant
718 1261 776 1303 (5).
808 1262 971 1305 Lysander
993 1268 1118 1303 tamen,
1148 1271 1247 1306 quam
1272 1264 1422 1296 citissime
1446 1276 1487 1297 ex,

146 1315 255 1347 Africa
269 1325 444 1357 regreSSUS,
465 1319 577 1345 auctor
596 1319 668 1345 tum
684 1313 749 1346 fuit
763 1315 1030 1356 Lacedaemoniis,
1052 1322 1090 1348 ut
1113 1328 1293 1360 paucorum
1314 1318 1488 1351 dominan-

146 1369 232 1402 tibus
248 1368 473 1408 subvenirent,
496 1369 532 1399 in
551 1379 669 1411 eosque
680 1392 689 1409 ,
711 1369 768 1412 qui
782 1375 902 1402 statum
919 1370 1041 1403 vellent
1055 1370 1263 1414 popularem,
1279 1372 1487 1406 animadver—

145 1430 267 1464 terent,
293 1429 326 1454 et
348 1423 392 1453 sic
412 1422 567 1465 perfecit,
594 1428 633 1454 ut
661 1429 794 1455 centum
818 1423 937 1455 talenta
962 1424 1074 1468 legatis
1101 1431 1216 1457 mutuo
1237 1425 1412 1467 darentur,
1445 1426 1485 1459 ad

145 1470 266 1510 auxilia
289 1476 496 1508 conducenda
509 1499 518 1516 ,
545 1477 613 1519 ipse
638 1488 715 1511 vero
742 1478 810 1510 dux
838 1478 961 1510 militiae
990 1478 1165 1521 pedestris,
1196 1479 1357 1523 Lybisque
1385 1480 1486 1512 frater

148 1531 251 1562 classis
278 1530 450 1574 praefectus
479 1531 663 1562 mitteretur
683 1529 750 1575 (6).
777 1532 940 1575 Lysander
965 1533 1066 1576 igitur
1097 1544 1206 1565 secum
1232 1534 1300 1576 ipse
1325 1534 1483 1577 cogitans,

147 1583 294 1615 celeriter
313 1595 346 1615 se
367 1594 457 1626 posse
474 1594 662 1627 expugnare
684 1596 754 1625 eos,
776 1586 833 1628 qui
850 1585 991 1617 Piraeum
1007 1586 1175 1627 tenebant,
1195 1587 1220 1618 si
1237 1587 1322 1619 terra
1337 1589 1485 1632 marique

147 1641 330 1668 commeatu
351 1636 664 1677 intercluderentur,
698 1639 765 1681 ipse
791 1639 977 1672 Eleusinem
1002 1640 1167 1684 profectus
1192 1641 1227 1673 in
1253 1642 1369 1674 itinere
1394 1642 1484 1675 mille

146 1701 165 1722 e
191 1690 335 1721 finitimis
362 1690 543 1723 civitatibus
571 1696 605 1722 et
629 1691 850 1736 Peloponneso
880 1695 984 1738 gravis
1007 1700 1179 1728 armaturae
1207 1695 1346 1737 milites,
1379 1698 1483 1740 pretio

145 1743 311 1784 invitatos,
331 1744 451 1787 coegit,
466 1744 665 1788 fratremque
680 1747 778 1779 classe
792 1748 850 1780 sua
865 1749 1077 1793 quadraginta
1092 1749 1226 1783 navium
1245 1761 1358 1782 curare
1376 1749 1482 1795 jussit,

205 1848 239 1879 (1)
256 1849 334 1871 Isocr.
351 1849 407 1871 adu.
430 1849 529 1872 Gallim.
545 1857 571 1880 p.
590 1850 643 1874 388.

205 1889 240 1919 (2)
257 1888 368 1918 Xenoph.
389 1888 401 1918 ᾗ
417 1889 455 1912 28.

205 1930 245 1960 (3)
263 1929 375 1959 Xenoplz.
393 1929 411 1952 1.
426 1929 444 1952 1.
460 1930 553 1961 lysias
570 1932 626 1955 adv.
642 1933 715 1957 Erat.
733 1940 756 1964 p.
777 1934 829 1957 215.

205 1969 245 1999 (4)
261 1969 300 1992 Cf.
317 1969 429 2000 Xenoph.
446 1978 466 1993 c.
482 1970 509 2000 5,
530 1971 593 2001 §41.
610 1971 702 1997 Auctor
719 1974 769 2004 Ep.
786 1975 854 1999 Socr.
870 1983 908 2006 ep.
925 1975 988 2005 Vll,
1006 1983 1032 2006 p.
1049 1977 1084 1999 13.

205 2009 244 2039 (5)
260 2009 332 2033 Plut.
353 2009 381 2033 in
398 2010 460 2041 Lys.
480 2018 506 2041 p.
526 2011 587 2041 445,
606 2012 638 2036 A.

204 2048 240 2079 (6)
258 2049 369 2080 Xenoph.
387 2050 400 2081 §
415 2051 454 2074 28.
471 2052 581 2083 Lysias,
600 2052 660 2077 ibid.
675 2055 757 2079 Diod.
772 2064 793 2079 c.
812 2057 851 2079 53.
869 2056 941 2079 Plut.
958 2056 976 2079 1.
992 2056 1017 2085 lr'
1089 2086 1108 2114 6
