1763 2511
855 173 870 216 (
894 173 933 205 38
954 172 970 216 )

293 254 418 286 Scilicet
437 251 533 284 homo
551 249 694 281 infantiae
712 247 841 292 propior
859 246 952 278 insito
969 245 1105 289 quodam
1122 248 1218 280 animi
1237 248 1388 281 instinctu
1410 250 1514 284 fertur
1531 253 1570 285 ad

249 309 343 341 fidem
363 304 494 338 cuilibet
512 302 691 335 testimonio
711 299 933 332 adhibendam.
970 300 1044 338 Quo
1068 301 1174 332 minus
1200 301 1432 343 cognitionibus
1454 305 1571 348 gaudet

249 361 399 406 propriis,
420 370 457 390 eo
475 357 574 400 magis
593 355 715 398 indiget
735 355 860 394 alienis,
880 361 911 386 et
931 355 1054 397 quoties
1072 366 1137 386 suae
1155 355 1212 386 sibi
1232 356 1398 388 facultates
1421 369 1485 389 non
1501 360 1572 390 suf-

249 416 378 454 ficiunt,
412 417 539 456 paratus
564 416 610 441 est
637 409 676 440 ad
701 408 775 440 alios
801 419 986 447 recurrere,
1013 419 1095 451 quos
1121 408 1231 439 iisdem
1260 410 1463 442 facultatibus
1487 412 1572 443 videt

249 468 406 513 praeditos.
433 465 583 498 Nondum
605 473 742 501 errores,
763 461 906 493 nondum
928 461 1028 501 dolos,
1055 462 1199 493 nondum
1223 463 1389 494 verborum
1413 464 1571 507 ambigui,

250 529 328 554 tates
344 526 509 565 expertus,
527 517 609 549 nihil
625 521 806 559 suspectum
817 539 825 555 ,
842 514 921 546 nihil
938 526 1002 546 non
1019 515 1091 546 fidei
1109 515 1241 558 plenum
1257 517 1428 557 existimat,
1448 525 1480 549 et
1496 519 1571 550 falsa

250 589 324 609 cum
347 575 430 609 veris
450 584 540 616 aequo
561 571 667 602 animo
688 570 818 612 accipit,
840 569 865 600 si
887 568 962 599 falsa
984 580 1039 611 pro
1060 569 1142 599 veris
1168 567 1206 598 ab
1225 569 1285 599 alio
1306 570 1513 603 affirmantur.

293 631 464 671 Postquam
484 637 560 658 vero
579 624 694 655 deinde
715 622 922 665 experiundae
938 622 1009 652 fidei
1025 622 1220 652 occasionem
1241 623 1450 664 nanciscitur,
1472 625 1573 657 inter-

249 686 346 722 dum,
370 689 402 714 et
423 680 552 725 quidem
574 691 638 710 non
653 678 695 707 ita
711 688 781 707 raro
797 676 974 718 cognoscit,
991 686 1060 705 eam
1077 675 1163 705 omni
1185 675 1394 708 fundamento
1415 689 1480 710 esse
1500 680 1572 710 des-

250 741 377 770 titutam
392 760 401 776 ‚
427 741 459 766 et
480 745 512 764 se
541 731 718 763 testimonio
746 729 849 759 alieno
872 728 970 758 fuisse
995 727 1177 768 deceptum.
1218 728 1328 766 Quare
1355 734 1517 763 constituit
1539 734 1573 764 in

250 797 412 834 posterum
432 799 449 819 a
468 785 563 818 simili
582 794 688 815 errore
709 792 839 820 cavere,
866 781 908 811 ita
930 786 967 811 ut
989 786 1136 811 naturam
1155 782 1365 823 experientia,
1387 783 1481 815 fidem
1505 796 1575 816 sus-

249 844 331 887 picio
356 844 549 881 corrumpat.

295 897 443 927 Attamen
464 893 538 935 quia
562 889 740 921 testimonia
766 888 869 919 multo
891 888 1005 929 saepius
1026 898 1099 919 vera
1125 888 1331 929 reperiuntur
1355 900 1450 931 quam
1476 890 1573 931 falsa,

251 950 362 982 eadem
386 958 457 990 quae
480 957 535 976 nos
555 944 705 975 adversus
724 942 895 973 testimonii
912 940 1072 972 lubricum
1094 942 1269 983 suspicaces
1287 953 1353 972 esse
1369 943 1460 985 jubet
1476 955 1576 986 expe-

250 1004 382 1040 rientia,
412 999 507 1031 simul
528 997 639 1036 efficit,
667 1002 720 1035 ut,
745 996 770 1026 si
795 995 916 1026 nullam
939 994 1082 1025 falsitatis
1108 1005 1233 1025 causam
1256 994 1362 1026 adesse
1389 996 1573 1037 videamus,

251 1054 467 1087 testimonium
488 1051 594 1094 potius
616 1061 730 1080 verum
753 1060 849 1091 quam
870 1048 986 1079 falsum
1011 1048 1187 1079 credamus.
1208 1048 1351 1090 Suspicio
1377 1050 1486 1091 itaque
1511 1062 1574 1081 non

252 1109 350 1151 magis
372 1107 454 1137 tollit
477 1105 571 1136 fidem
596 1115 692 1146 quam
714 1103 859 1144 exceptio
884 1101 1047 1144 regulam:
1074 1100 1131 1132 ubi
1155 1102 1300 1143 exceptio
1329 1113 1393 1133 non
1418 1105 1575 1143 occurrit,

251 1163 295 1193 ibi
313 1160 424 1203 regula
445 1158 539 1190 valet.
564 1157 628 1188 Ubi
650 1156 795 1199 quaedam
816 1155 1002 1198 suspicionis
1023 1166 1116 1186 causa
1136 1166 1200 1185 non
1223 1155 1324 1195 adest,
1347 1155 1391 1186 ibi
1412 1156 1488 1188 fides
1511 1163 1576 1188 tes-

253 1215 383 1247 timonio
408 1211 587 1244 tribuenda.

865 1311 888 1353 S
921 1311 972 1342 19.

371 1413 427 1444 De
451 1411 565 1442 causis
588 1420 676 1452 quae
700 1408 882 1440 testimonii
895 1408 1001 1450 fidem
1027 1409 1149 1438 tollunt
1172 1408 1228 1438 vel
1253 1409 1462 1439 imminuunt.

296 1509 388 1540 Fides
409 1519 480 1551 quae
497 1505 676 1538 testimonio
700 1504 886 1544 adhibetur,
913 1505 985 1536 satis
1008 1515 1123 1546 anceps
1148 1510 1245 1547 atque
1269 1503 1417 1547 ambigua
1436 1504 1535 1544 foret,
1553 1506 1578 1535 si

252 1563 342 1595 nullo
364 1562 423 1593 alio
443 1560 653 1592 fundamento
673 1558 830 1590 niteretur
851 1569 947 1600 quam
968 1557 1021 1588 illa
1039 1557 1179 1600 generali
1200 1557 1414 1600 experientia⁷
1435 1557 1497 1600 qua
1513 1563 1578 1588 tes-

254 1617 383 1648 timonia
401 1615 513 1657 saepius
532 1624 606 1646 vera
627 1613 809 1644 invenimus
829 1623 924 1654 quam
943 1611 1033 1651 salsa,
1056 1617 1088 1642 et
1108 1623 1181 1643 reus
1203 1612 1258 1642 tali
1272 1623 1312 1642 ex
1331 1612 1578 1654 praesumptione

254 1669 338 1702 salva
362 1668 481 1713 justitia
507 1666 712 1698 condemnari
736 1677 800 1697 non
825 1672 937 1708 posset.
969 1665 1029 1696 Sed
1055 1665 1183 1708 quando
1208 1666 1425 1696 testimonium
1451 1665 1578 1708 aliquod

256 1723 380 1753 veritati
401 1721 605 1761 adversatur,
634 1721 779 1763 quamvis
806 1720 974 1751 salsitatem
998 1731 1069 1762 quae
1092 1719 1139 1751 illi
1158 1719 1283 1759 subest,
1309 1731 1373 1750 non
1397 1718 1578 1750 immediate

256 1776 484 1818 percipiamus,
509 1781 617 1806 tamen
637 1786 707 1806 eam
726 1774 881 1806 indirecte
900 1773 1170 1818 deprehendimus
1194 1784 1234 1804 ex
1260 1773 1441 1816 cognitione
1466 1782 1578 1802 causa-

256 1840 330 1860 rum
349 1840 419 1870 quae
438 1829 607 1859 testimonii
634 1828 728 1859 fidem
752 1828 870 1860 tollunt
891 1829 941 1861 vel
967 1830 1186 1868 imminuunt3
1208 1833 1260 1867 et,
1281 1828 1306 1858 si
1332 1826 1427 1857 talem
1451 1835 1578 1855 causam

258 1882 380 1916 nullam
396 1881 501 1912 adesse
517 1881 678 1923 videmus,
695 1884 814 1926 optimo
828 1883 899 1928 jure
917 1883 1045 1927 plenam
1060 1881 1155 1913 fidem
1170 1880 1348 1912 testimonio
1364 1877 1575 1909 concedimus.

300 1936 366 1968 lllae
387 1941 494 1966 autem
514 1946 614 1966 causac
639 1947 709 1978 quae
730 1937 901 1968 testimonii
923 1935 1018 1967 fidem
1039 1939 1265 1977 corrumpunt,
1289 1943 1353 1963 non
1378 1937 1452 1963 sunt
1470 1931 1578 1974 plures

256 2000 363 2033 neque
382 1989 545 2032 pauciores
566 1999 662 2031 quam
685 1994 764 2029 tres,
790 1989 1018 2031 intelligentia,
1039 1988 1202 2026 voluntas,
1224 1986 1370 2017 elocutio.
1398 1984 1470 2018 Sive
1493 1984 1578 2016 enim

1750 1434 1763 1679 25ss—2———w-
