1820 2568
984 164 1080 205 (4)

373 241 482 269 nmizks
503 238 617 278 petita,
640 247 699 267 nec
724 236 813 267 dictu
838 236 943 266 minus
962 240 1064 277 grata,
1090 245 1149 266 nec
1167 235 1279 267 auditu
1300 237 1405 268 minus
1426 237 1566 281 jucunda
1585 238 1696 269 futura

371 303 439 322 suni
457 317 463 321 .
486 303 579 332 quam
602 296 790 333 pertractata
815 289 898 326 haec,
925 300 941 318 a
968 287 1100 317 conditis
1124 288 1310 327 academiis,
1332 296 1540 331 argumenta,
1560 290 1695 332 quibus,

368 347 390 375 si
419 345 541 375 nullum
565 343 651 374 aliud
668 366 676 382 ‚
705 343 764 374 hoc
794 348 879 373 certe
910 341 1025 372 vitium
1051 340 1243 383 plerumque
1269 342 1422 381 inhaeret,
1445 349 1482 373 ut
1503 342 1552 373 vel
1583 343 1695 384 loqua-

371 411 467 429 cium-e.
489 397 641 427 delassare
661 396 797 427 valeant.
824 394 1009 437 Expeditior
1028 393 1159 436 quidem
1178 400 1209 425 et
1231 395 1337 425 minus
1355 396 1488 426 oratoria
1505 401 1551 426 est
1570 394 1696 425 dicendi

370 454 448 482 ram»
472 462 565 492 quam
585 461 718 492 sequor,
738 449 792 480 sed
813 449 873 479 hoc
894 447 1050 479 commodi
1079 447 1242 485 oblatura,
1268 454 1305 478 ut
1328 448 1409 478 nihil
1434 449 1492 479 nisi
1518 448 1557 478 ad
1587 459 1640 479 vos
1665 453 1697 478 et

371 511 503 535 wstuuu
522 515 586 533 rem
603 503 793 545 pertinentia
809 502 961 539 audiatis,
978 511 1037 531 nec
1052 500 1135 532 ultra
1155 500 1322 532 delinitum
1338 501 1478 532 humana
1496 501 1695 544 indulgentia

371 559 520 599 temporis
545 557 681 598 spatium
712 555 928 587 detineamini.

415 612 482 640 ¹lani
506 609 627 652 pridem
648 610 800 651 scriptum
822 614 883 646 est,
905 618 940 637 ea
957 617 1022 637 esse
1042 606 1092 637 vel
1113 605 1331 638 florentissima
1349 608 1516 638 hominum
1540 608 1697 644 instituta,

370 670 407 694 ut
425 664 502 693 bona
525 663 614 694 malis
626 687 634 701 ,
656 663 783 693 adversa
804 661 976 704 prosperi5‚
993 660 1110 690 laetiora
1128 659 1316 690 tristioribus
1337 661 1492 702 permixta
1509 659 1696 697 exhibeant3

369 717 453 757 quod
477 716 577 746 omnis
599 717 656 746 aevi
683 716 877 757 experientia
900 714 1144 751 confirmatum,
1172 719 1285 743 nostrae
1308 715 1403 744 etiam
1431 713 1599 744 academiae
1625 713 1697 743 satis

370 769 430 799 lioc
452 780 534 798 anno
556 775 755 810 compertum
780 767 944 797 habemus.
970 766 995 794 A
1021 764 1211 795 tristioribus
1236 765 1405 795 exordium
1431 777 1565 796 sumam.

413 821 576 859 Quatuor,
604 831 622 850 e
644 830 779 850 numero
804 816 1054 859 discipulorum,
1084 816 1218 857 ingenui
1244 823 1277 847 et
1301 818 1428 859 optimae
1453 817 1519 859 spei
1545 816 1698 859 juvenes,

370 876 540 904 immaturo
568 873 652 911 fato,
679 873 711 903 in
736 871 915 902 studiorum
940 869 1098 906 decursu,
1123 869 1278 900 cecidere.

413 927 447 956 F.
474 925 600 963 Voisin‚
617 925 771 967 gymnasii
788 923 1005 954 Gandavensis
1028 922 1179 953 alumnus
1192 946 1200 961 ,
1224 934 1288 964 quo
1309 922 1418 954 nullus
1436 922 1479 953 ibi
1499 922 1609 966 majori
1627 933 1701 954 cum

371 980 481 1010 fructu
504 978 610 1009 literas
630 978 834 1008 humaniores
855 976 986 1013 didicit,
1009 974 1047 1004 ad
1066 980 1171 1004 nostra
1191 975 1306 1006 exinde
1325 976 1471 1007 subsellia
1497 987 1700 1018 progressus,

372 1033 456 1062 iuter
478 1029 684 1061 nobilissimos
704 1029 884 1060 scholarum
907 1028 1159 1058 academicarum
1183 1028 1363 1066 auditores,
1388 1028 1538 1059 laudabili
1565 1029 1700 1059 assidui-

372 1091 435 1115 tate
459 1089 615 1127 perpetuo
649 1084 843 1121 eminuerat,
868 1082 1013 1125 jamque,
1050 1081 1083 1110 in
1109 1080 1219 1111 ordine
1245 1081 1505 1123 philosophorum
1534 1087 1566 1111 et
1592 1081 1701 1111 litera-

370 1143 476 1168 torum
493 1160 501 1176 ,
552 1136 716 1167 Candidati
751 1135 883 1178 gradum
928 1134 1242 1164 honorificentissime
1284 1141 1473 1165 consecutus
1491 1158 1499 1173 ,
1554 1134 1700 1175 diguissi-

371 1202 461 1222 nium
484 1200 538 1229 se,
570 1190 717 1220 examine
739 1189 798 1219 rite
822 1187 944 1225 habito,
965 1186 1172 1228 prrcstiterat,
1203 1187 1259 1228 qui
1285 1186 1491 1229 philosophiae
1518 1186 1700 1216 tlieoreticae

370 1243 519 1285 Magister
540 1248 571 1272 et
590 1242 753 1273 literarum
775 1241 1001 1272 humaniorum
1023 1240 1139 1269 Doctor
1158 1239 1286 1282 publice
1309 1241 1559 1270 reiuintiaretur.
1579 1241 1623 1270 At
1640 1251 1700 1270 uo·-

372 1307 468 1326 cnere
489 1296 617 1337 egregio
639 1295 748 1338 juveni
770 1294 924 1325 indefessa
944 1292 1047 1323 studia
1060 1316 1068 1331 ,
1083 1293 1147 1334 ipsa
1160 1298 1331 1323 amatorem
1349 1304 1443 1323 suum
1466 1292 1607 1322 doctrina
1624 1303 1702 1322 con-

369 1348 466 1386 fecit,
491 1360 548 1387 ac,
570 1348 743 1379 seminibus
764 1354 826 1378 tam
858 1347 995 1378 feliciter
1016 1345 1104 1388 jactis
1119 1369 1127 1384 ,
1154 1351 1293 1376 maturos
1318 1345 1442 1376 fructus
1466 1345 1628 1375 absorbuit
1652 1355 1703 1374 se-

370 1402 532 1444 pulcrum.
551 1402 667 1432 Amicis
680 1401 733 1431 ille
748 1407 780 1431 et
795 1399 982 1443 parentibus
1001 1398 1111 1429 flebilis
1131 1398 1264 1436 occidit,
1283 1398 1336 1428 sed
1357 1397 1438 1429 nulli
1457 1397 1589 1428 flebilior
1605 1408 1701 1439 quam

372 1454 450 1491 tibi,
474 1455 593 1495 optime
615 1454 712 1484 frater
733 1454 797 1495 (1),
822 1453 878 1495 qui
903 1463 975 1482 cum
1000 1451 1070 1489 illo,
1092 1463 1108 1480 a
1130 1453 1246 1482 teneris
1270 1452 1380 1489 aunis,
1397 1451 1569 1489 versando,
1589 1450 1701 1481 confa—

369 1505 529 1545 bulmdo,
555 1506 711 1536 studendo
734 1512 894 1542 assuetus,
916 1505 1062 1535 unanimi
1086 1504 1224 1545 pietate,
1243 1510 1376 1535 matrem
1399 1509 1431 1534 et
1452 1514 1589 1534 sororem
1611 1514 1700 1532 com-

373 1557 569 1600 plectebaris.
592 1557 709 1587 Eadem
730 1557 860 1599 utrique
880 1558 912 1586 iu
930 1562 1077 1598 parentes
1096 1556 1193 1586 animi
1212 1556 1409 1598 benignitas,
1431 1555 1540 1586 eadem
1562 1553 1702 1586 discendi

377 1609 533 1650 cupiditas
557 1609 640 1638 fuit:
666 1609 778 1650 quidni
805 1615 836 1639 et
861 1620 924 1639 una
952 1608 1059 1639 xixere
1084 1608 1214 1650 utrique
1239 1619 1420 1639 concessum
1445 1614 1507 1646 est,
1533 1614 1565 1638 et
1587 1608 1703 1650 insigni

377 1661 541 1704 exemplo,
563 1661 697 1692 fratrum
721 1662 839 1691 nonita
862 1673 962 1692 raram
985 1672 1050 1691 esse
1068 1661 1284 1700 concordiam,
1307 1661 1492 1692 ostendere!
1513 1661 1579 1691 Hoc
1597 1660 1703 1691 luctus

373 1720 437 1745 taam
464 1713 568 1744 acerbi
599 1714 766 1752 solatium,
793 1714 878 1756 quod
907 1725 971 1744 nou
998 1715 1065 1744 sine
1095 1714 1385 1756 condiscipulorum
1412 1713 1566 1744 desiderio
1589 1712 1702 1743 obierit

377 1768 515 1810 optimus
536 1766 726 1797 adolescens.
753 1767 899 1798 Dolorem
923 1768 988 1797 lucc
1011 1774 1083 1798 aetas
1103 1778 1166 1797 non
1188 1768 1359 1804 mentitur,
1382 1767 1568 1808 positoque,
1587 1766 1622 1796 in
1645 1765 1702 1795 de-

377 1820 481 1852 functi
496 1821 679 1850 memoriam
692 1843 700 1859 ,
716 1819 851 1862 simplici
866 1820 971 1862 lapide
982 1843 991 1859 ,
1004 1821 1159 1860 amicum,
1174 1819 1401 1863 ignoscendum
1423 1818 1570 1861 quidem,
1585 1818 1701 1849 scirent

403 1952 437 1982 (ι)
454 1951 516 1982 Aug.
540 1951 625 1975 Vuisin
638 1968 644 1980 ‚
663 1951 688 1974 iu
707 1951 835 1981 gymnasio
852 1952 1015 1981 Corn-acensi,
1035 1951 1176 1975 Rhetorieea
1194 1949 1322 1974 Professor.
