1820 2568
907 200 1004 244 (6)

291 291 487 333 Abrogatis
513 289 600 320 enim
617 288 742 318 sensim
768 285 959 327 sensimque
980 283 1258 326 prudentissimis
1279 284 1410 317 Solonis
1433 286 1615 326 institutis,

291 347 339 376 ita
363 345 409 375 ad
432 345 627 374 immensum
648 346 750 372 aucta
771 345 823 371 est
845 344 948 381 atque
973 337 1083 380 effusa
1104 337 1239 380 infimae
1256 339 1371 380 plebis
1398 340 1553 377 licentia,
1582 348 1621 372 ut

290 398 327 429 id
350 398 511 432 eveniret,
544 395 636 437 quod
657 394 826 425 Isocrates
855 392 907 422 ait
928 391 998 433 (1).·
1034 402 1053 421 >³
1070 396 1108 421 ut
1130 391 1352 429 democratia,
1386 404 1474 434 quae
1501 399 1619 425 temere

290 464 309 482 ))
333 456 468 493 ageret,
506 458 615 491 quae*
626 448 661 478 in
684 447 880 488 petulantia
909 444 1117 482 libertatem,
1156 445 1191 475 in
1220 446 1383 486 procacia
1408 445 1619 488 felicitatem

289 517 309 536 ))
333 505 526 539 collocaret,
554 500 743 532 succederet
765 501 800 530 in
821 500 928 529 locum
951 498 1063 533 illiuS,
1090 509 1179 539 quae
1201 499 1296 539 apud
1320 498 1464 541 majores
1476 498 1614 541 fuerat,

290 569 308 588 »
332 567 406 588 cum
426 555 637 597 optimatium
657 553 808 584 consiliis
832 551 937 582 amice
958 549 1175 592 conjuncta.”
1200 552 1296 582 Hinc
1315 563 1440 594 magna
1461 553 1523 582 illa
1543 563 1618 583 ma-

289 611 394 641 lorum
412 610 532 645 series,
560 619 648 650 quae
672 607 817 637 maxime
840 605 916 636 inde
936 616 959 635 a
982 604 1068 635 hello
1087 604 1376 645 Peloponnesiaco
1398 606 1433 635 in
1453 606 1617 636 Atticam

288 663 504 699 redundavit,
543 672 678 704 quaque
694 659 851 702 factum,
881 664 919 689 ut
941 659 1005 688 sub
1032 657 1113 688 belli
1136 658 1235 687 istius
1251 657 1380 699 finem,
1410 658 1498 688 intra
1523 658 1618 688 breve

281 727 468 758 paucorum
502 725 663 745 annorum
695 713 866 753 spatium,
908 715 1030 752 quater
1060 708 1175 751 fuerit
1213 721 1372 740 conversa
1412 711 1615 750 respublica.

292 769 424 808 Quibus
459 767 608 798 civitatis
643 763 957 795 commutationibus
990 762 1260 792 Atheniensium
1291 773 1343 791 res
1375 762 1555 793 identidem
1583 764 1618 793 in

283 824 380 862 prius
407 831 500 850 ruere
529 823 723 858 coeperunt,
754 826 851 850 cum,
885 814 1014 855 populo
1045 814 1247 853 imperante,
1288 813 1506 844 immoderata
1544 815 1618 856 ejus

286 879 373 905 esset
397 872 536 903 libertas
567 875 600 900 et
632 867 767 911 quidvis
801 865 949 897 audendi
978 865 1139 902 lieentia,
1175 875 1283 907 neque
1313 865 1424 896 minus
1456 866 1618 907 impotens

286 923 687 959 exsisteretdominatio,
722 920 942 962 optimatibus
966 929 1073 949 rerum
1099 926 1264 948 summam
1287 918 1616 950 administrantibus.

291 981 449 1011 Omnium
476 988 550 1008 vero
577 986 692 1006 earum
716 973 966 1004 conversionum
999 971 1244 1002 violentissima
1272 982 1314 1001 ac
1342 972 1547 1003 saevissima
1578 984 1620 1004 ea

278 1032 370 1075 fuit,
409 1040 478 1072 qua
504 1028 646 1071 triginta
671 1025 730 1056 isti
754 1024 821 1055 viri
849 1033 1028 1064 eorumque
1052 1023 1137 1052 socii
1162 1023 1327 1053 Athenas
1356 1024 1558 1066 affecerunt,
1587 1031 1621 1056 et

286 1085 330 1116 ab
352 1083 455 1115 exitio
475 1092 539 1112 non
554 1079 678 1122 procul
695 1082 838 1109 remotas
861 1075 1085 1107 reddiderunt.
1112 1072 1233 1116 Neque
1256 1075 1317 1105 hoc
1338 1080 1482 1117 tempore
1503 1083 1620 1118 tyran-

286 1137 376 1169 nidis
391 1135 496 1178 furor
519 1139 622 1175 atque
647 1130 828 1162 insolentia
851 1129 916 1159 hac
939 1128 1019 1158 urbe
1044 1138 1081 1158 se
1101 1128 1288 1165 continuit,
1320 1129 1382 1159 sed
1405 1141 1516 1160 omnes
1541 1130 1618 1171 ejus

285 1190 393 1221 socios
416 1187 632 1227 coloniasque
657 1185 691 1214 in
716 1183 838 1214 insulis
864 1187 898 1212 et
915 1182 949 1211 in
975 1181 1075 1211 ,Λεία
1102 1178 1236 1222 afflixit.
1262 1181 1319 1212 De
1338 1181 1392 1212 his
1413 1188 1525 1212 autem
1544 1193 1620 1213 cum

287 1247 439 1278 taceant,
467 1240 526 1282 qui
541 1239 723 1269 etiamnum
738 1240 918 1276 supersunt
930 1233 1100 1264 Historia·
1122 1232 1191 1275 (2),
1222 1244 1341 1274 operae
1361 1235 1510 1276 pretium
1530 1236 1616 1272 erit,

286 1293 556 1328 Atheniensium
580 1289 808 1321 calamitatem
831 1287 927 1317 illam
951 1286 1144 1316 accuratius
1163 1288 1346 1327 persequi,
1373 1287 1473 1328 cujus
1494 1288 1620 1328 quippe

285 1346 453 1379 enarratio
489 1344 695 1386 reliquarum
735 1340 912 1371 civitatum
951 1338 1170 1369 miserrimam
1207 1344 1329 1369 sortem
1368 1344 1484 1380 sponte
1522 1340 1619 1371 nohis

286 1397 560 1442 repraesentabit.
596 1394 696 1435 Quod
717 1394 876 1436 quoniam
901 1397 954 1423 est
974 1391 1077 1433 hujus
1100 1392 1364 1433 scriptiunculae
1383 1393 1615 1434 propositum,

287 1459 325 1484 ut
353 1463 404 1483 res
436 1455 567 1481 nostras
601 1448 720 1478 melius
757 1456 926 1488 agamus,
966 1456 1100 1476 necesse
1137 1446 1222 1482 erit,
1265 1446 1536 1477 Atheniensium
1567 1458 1618 1477 res

282 1506 387 1548 paulo
418 1504 524 1535 altius
548 1507 702 1543 repetere.

329 1559 425 1589 Licet
449 1555 681 1587 Athenienses
708 1552 880 1594 regiminis
896 1549 1015 1592 forma
1031 1551 1195 1592 populari
1211 1551 1415 1594 gauderent,
1433 1558 1467 1582 et
1490 1553 1616 1594 ubique

288 1611 508 1642 democratiae
536 1607 711 1651 faverent,
746 1610 828 1646 post
855 1602 1126 1646 infelicissimam
1155 1609 1266 1635 tamen
1290 1605 1533 1646 expeditionem
1563 1605 1618 1635 Si·—

288 1665 417 1700 culam,
454 1668 486 1693 et
513 1661 675 1691 munitam
696 1659 901 1694 Deceleam,
939 1669 975 1688 eo
1006 1657 1133 1688 redacti
1152 1655 1278 1699 fuere,
1312 1663 1350 1688 ut
1375 1658 1617 1699 oligarchieum

289 1716 604 1759 quadringentorum
624 1712 797 1754 imperium
818 1702 1038 1741 admitterent.
1073 1710 1142 1748 Qui
1164 1721 1238 1740 vero
1256 1721 1330 1741 cum
1350 1722 1481 1741 summa
1498 1710 1616 1741 crude-

288 1771 384 1801 litate
419 1769 454 1799 in
478 1767 610 1809 plebem
639 1771 827 1802 uterentur,
865 1765 1067 1795 democratia
1096 1763 1252 1793 restituta
1285 1768 1358 1799 est,
1403 1763 1615 1794 Alcibiades

347 1880 392 1909 (ι)
408 1878 518 1902 Panath.
540 1887 563 1908 p.
579 1878 637 1906 612,
659 1878 717 1900 edit.
740 1877 880 1901 Wolfiauae
900 1876 1010 1899 minoris.

347 1921 392 1949 (2)
408 1921 522 1942 Isocrates
544 1919 568 1941 in
587 1918 703 1941 Oratione
718 1918 748 1940 de
767 1918 849 1945 Pace,
871 1921 894 1939 et
913 1917 940 1940 iu
957 1916 1068 1940 Panath.
1087 1915 1162 1939 variis
1187 1915 1214 1938 in
1236 1915 1296 1939 locis
1315 1915 1378 1938 hauc
1399 1921 1449 1937 rem
1468 1913 1568 1944 paucis,
1591 1919 1616 1937 at

287 1967 337 1983 non
354 1960 404 1983 sine
422 1966 510 1989 magua
528 1957 709 1989 indignatione,
731 1956 815 1987 tetigit.
843 1957 888 1980 Sed
906 1957 962 1980 vide
983 1957 1047 1980 hunc
1064 1955 1184 1986 imprimis
1206 1955 1233 1979 iu
1252 1956 1350 1986 Paneg.
1379 1963 1399 1978 c.
1418 1955 1460 1984 32,
1487 1962 1552 1984 seqq.
1575 1954 1613 1977 ed.

288 2001 352 2024 Mori
371 2004 394 2023 et
411 1999 508 2029 Comji,
530 1999 556 2022 iu
573 1998 636 2022 Bibl.
659 1999 772 2024 Graeca,
798 2001 862 2020 tomo
881 1999 914 2020 11.
