1763 2511
862 194 982 237 (52)

262 280 279 299 ))
302 274 435 299 mortem
452 269 684 300 occubuissent
689 283 702 308 ‚·
717 275 749 300 et
765 270 836 311 ipse
852 269 963 301 Cicero
975 280 1085 301 eorum
1094 271 1247 312 exempla
1256 274 1422 313 proponit.
1446 273 1582 306 Tusa-ul-

260 332 277 351 ))
301 321 403 363 Disp.
426 321 485 352 lib.
507 321 540 352 I.
562 333 635 363 cap.
661 321 740 362 40.”

835 395 908 426 ΟΑΡ.
938 397 991 426 21.

300 468 373 498 Sint
402 469 469 498 ista
498 468 715 505 Graecorum,
747 479 954 510 quamquam
978 469 1099 499 abhis
1127 469 1344 510 philosophia
1371 476 1403 500 et
1427 482 1538 502 omnes

620 522 784 564 ingenuas
813 521 1013 562 disciplinas
1039 521 1211 552 habemus.

299 593 472 637 Nunquam
494 593 552 625 sihi
576 595 609 625 in
631 593 692 625 hoc
712 593 913 637 praedicando
937 594 1116 625 satisfacere
1141 600 1244 637 potest
1267 594 1387 627 Cicero.

838 667 912 698 Cn.
943 667 997 699 25.

254 739 356 771 Ratio
372 740 440 770 ista
449 761 461 776 ,
481 750 583 781 quam
599 738 750 781 defendis
761 752 775 776 ,-
786 744 966 779 praecepta
976 760 989 774 ,
1008 749 1095 779 quae
1106 739 1308 769 didicisti—
1319 740 1379 781 qui
1390 741 1581 772 maledictis

430 793 636 822 insectantur
658 802 732 826 eos,
759 801 781 820 a
807 791 931 831 quihus
955 790 995 820 de
1019 791 1159 821 veritate
1182 792 1396 823 dissentiunt.

295 864 468 895 Annotavit
494 863 540 894 Cl.
566 862 854 907 Wyttenbachius:
886 875 904 894 ))
922 863 988 895 Est
1016 864 1077 894 hoc
1110 875 1128 895 e
1155 866 1320 896 communi
1355 866 1583 897 ,Romanorum

253 929 273 948 2)
296 917 454 959 superbia
481 923 514 948 et
536 917 698 948 adversus
734 917 877 948 Graecos
911 917 1090 959 supercilio
1121 917 1284 949 dictum.”
1323 917 1416 949 Conf.
1446 918 1486 949 de
1509 918 1581 950 Nat.

253 971 347 1003 Deor.
369 970 424 1003 lib.
448 971 473 1002 I.
496 982 564 1014 cap.
590 971 629 1003 33
648 977 681 1002 et
700 970 753 1010 34.

758 1051 823 1081 Lm.
849 1050 903 1081 ΙΙΙ.
928 1049 1002 1081 ΟΑΡ.
1026 1051 1058 1081 2.

260 1123 360 1163 Quod
376 1124 408 1154 si
429 1125 463 1154 in
483 1135 524 1155 ea
547 1124 666 1166 lingua
672 1145 684 1161 ‚
712 1134 814 1165 quam
835 1124 990 1166 plerique
1009 1124 1190 1154 uberiorem
1210 1142 1253 1150 -—-
1272 1130 1398 1161 tamen,
1426 1124 1585 1165 quoniam

572 1188 636 1207 usu
658 1182 790 1218 recepta
812 1181 891 1206 sunt
899 1198 911 1213 ,
939 1181 1054 1206 nostra
1078 1176 1240 1207 dicamus.

299 1250 472 1281 Annotavit
494 1249 540 1280 Cl.
563 1248 848 1292 Wyttenbachius:
871 1260 890 1280 ))
906 1248 1011 1279 Hunc
1028 1260 1230 1280 communem
1251 1250 1476 1281 Romanorum
1496 1261 1585 1281 erro·-

256 1313 275 1333 ))
299 1314 383 1340 rem,
403 1314 500 1345 quem
520 1303 630 1334 Cicero
648 1303 701 1334 vel
712 1303 798 1333 serio
809 1325 821 1339 ‚
848 1302 902 1332 vel
925 1313 1049 1332 causae
1070 1303 1252 1332 inserviens
1264 1325 1276 1338 ,
1296 1303 1438 1338 erravit,
1464 1303 1586 1345 attigi-

256 1368 274 1386 »
299 1368 371 1388 mus
393 1368 496 1398 supra
512 1357 570 1388 lib.
587 1357 620 1388 Ι.
642 1368 715 1398 cap.
738 1355 789 1388 3.”
816 1355 881 1387 Ubi
904 1356 1000 1387 etiam
1021 1354 1209 1395 videantur,
1231 1366 1304 1398 quae
1326 1355 1365 1385 ad
1385 1355 1585 1398 amplifican-

256 1409 333 1441 dum
357 1411 499 1453 apposui.

861 1472 933 1503 CAP.
968 1472 1000 1511 4.

258 1547 426 1591 Equidem
449 1547 539 1578 soleo
559 1548 680 1583 etiam,
717 1546 807 1588 quod
832 1556 896 1576 uno
930 1544 1071 1581 Graeci,
1098 1545 1129 1574 si
1153 1543 1253 1573 aliter
1276 1561 1320 1568 -
1343 1553 1446 1585 quam
1460 1544 1589 1585 proe'g-

570 1600 674 1631 menis
699 1605 733 1630 et
752 1598 1025 1640 apoproe'gmenis
1053 1597 1261 1627 concedatur.

299 1673 380 1705 Ecce
403 1672 548 1716 exempla
574 1672 779 1703 laudatarum
800 1670 929 1701 illarum
949 1670 1070 1712 linguae
1094 1669 1218 1700 Latinae
1239 1667 1444 1702 divitiarum!

599 1752 864 1786 TUSCULANAE
898 1727 1242 1783 DISPUTATIONES.

715 1828 781 1858 Lm.
805 1826 830 1857 I.
869 1825 943 1857 CAR.
968 1826 1002 1865 1,
1026 1825 1063 1864 2,
1087 1824 1118 1855 3.

257 1902 335 1933 Hoc
359 1901 441 1932 mihi
470 1900 603 1931 Latinis
633 1901 738 1932 literis
771 1899 1012 1932 illustrandum
1033 1898 1158 1940 putavi
1190 1914 1232 1922 -
1257 1895 1429 1937 prosimus
1454 1894 1585 1930 etiam,

714 1955 745 1985 si
763 1965 970 1996 possumus,
998 1953 1108 1984 otiosi.

261 2016 262 2019 Ἴ
300 2026 366 2058 Hoc
380 2026 448 2059 loco
463 2026 597 2071 defungi
607 2038 729 2071 possem
743 2026 948 2061 memoranda
967 2024 1093 2070 egregi&
1105 2023 1159 2056 illa
1174 2022 1447 2055 commentatione
1469 2033 1485 2053 a
1497 2031 1582 2052 conS.
