1820 2568
775 238 789 277 (
814 238 853 278 57
878 237 892 278 )

171 315 272 346 XXX
293 315 396 346 virum
422 314 509 352 acie,
533 313 634 354 iisque
657 310 750 351 longe
775 309 854 339 fusis
879 308 1077 351 fugatisque,
1107 310 1240 341 victores
1268 309 1307 340 ad
1335 309 1499 352 planitiem

173 379 276 410 usque
298 374 383 410 terga
407 367 545 397 hostium
571 367 755 406 presserunt
774 361 831 403 (1).
858 360 1008 392 Cecidere
1033 361 1098 392 illic
1123 362 1162 393 (le
1186 362 1285 393 XXX
1307 363 1413 394 virum
1436 373 1501 393 nu·-

175 431 279 460 mero,
305 426 420 463 praeter
446 418 594 456 Critiam,
622 414 877 458 Hippomachus,
905 426 943 445 ex
968 415 1001 445 X
1025 415 1118 453 viris,
1142 415 1197 457 qui
1219 415 1288 458 pari
1313 414 1501 445 crudelitate

172 474 274 504 Piraeo
290 473 500 515 praefuerant,
526 469 726 508 Charmides,
753 468 925 500 Glauconis
946 468 1045 508 filius3
1068 469 1266 511 reliquorum
1284 470 1409 500 circiter
1427 479 1500 510 sep·-

173 526 315 568 tuaginta
338 525 396 566 (2).
424 523 544 555 »Usus
564 528 611 554 est
631 521 849 565 Thrasybulus
873 533 938 552 non
961 522 1068 553 minus
1089 523 1274 564 prudentia,
1296 534 1393 564 quam
1408 522 1502 552 forti-

173 579 295 610 tudine.
320 577 401 609 Nam
423 577 570 608 cedentes
589 575 701 607 violari
719 576 832 607 vetuit.
858 575 949 606 Cives
969 578 1056 607 enim
1077 575 1199 606 civibus
1220 586 1350 618 parcere
1372 587 1501 618 aequum

173 631 330 663 censebat.
355 631 468 673 Neque
488 631 657 674 quisquam
677 635 724 660 est
744 629 948 669 vulneratus,
971 629 1032 659 nisi
1052 629 1108 671 qui
1127 629 1214 671 prior
1236 629 1427 671 impugnare
1444 639 1502 659 vo·-

172 684 244 716 luit.
269 684 438 716 Neminem
463 683 619 727 jacentem
644 688 730 714 veste
752 682 915 725 spoliavit:
941 683 988 713 nil
1010 683 1131 725 attigit,
1153 683 1214 713 nisi
1235 694 1337 722 arma,
1363 692 1502 724 quorum

172 736 353 779 indigebat,
380 742 412 767 et
433 748 504 779 quae
526 736 564 767 ad
590 736 712 766 victum
733 735 954 778 pertinebant''
976 735 1034 778 (3).
1057 736 1131 774 Quo
1155 735 1255 774 facto,
1279 746 1336 778 per
1358 734 1502 766 inducias

174 790 245 821 caesi
272 789 407 828 redditi,
438 795 535 831 atque
559 789 620 819 hac
642 788 804 819 occasione
831 788 1016 829 frequentes
1045 789 1202 831 congressi
1233 793 1310 819 sunt
1336 788 1420 818 inter
1448 797 1501 826 se,

173 844 345 885 mutuique
379 853 538 873 sermones
569 841 732 872 contracti.
773 841 814 870 Et
844 840 1037 880 Cleocritus,
1078 843 1112 871 in
1145 842 1301 883 mysteriis
1333 840 1502 871 Eleusiniis

174 906 294 938 praeco,
323 896 371 927 vir
392 895 557 937 insigniter
585 894 720 932 vocalis,
747 905 849 936 quum
881 893 938 924 sibi
963 893 1126 925 silentium
1151 894 1290 933 fecisset,
1317 894 1435 932 victos,
1462 903 1502 923 ex

174 949 292 991 quibus
313 950 434 991 quippe
455 948 555 992 major
578 959 649 991 pars
675 947 921 978 Atheniensium
951 953 1038 986 erat,
1063 947 1108 978 sic
1132 947 1200 978 fere
1226 947 1411 989 alloquutus
1436 952 1501 977 est:

175 1013 194 1032 ))
211 1001 276 1033 Cur
295 1001 418 1033 exsules
437 1001 572 1033 victores
593 1001 718 1042 fugiant
733 1001 854 1042 potius,
877 1011 972 1041 quam
992 1006 1028 1030 ut
1047 1000 1188 1030 vindices
1209 1000 1386 1030 communis
1403 999 1502 1030 liber-

175 1066 194 1085 »
210 1056 282 1085 tatis
306 1053 485 1097 adjuvent?
522 1053 649 1085 Civium
677 1053 765 1082 illam
790 1053 996 1093 meminerint
1017 1052 1132 1090 aciem,
1159 1063 1223 1082 non
1249 1052 1389 1082 hostium
1414 1063 1501 1090 esse,

175 1118 194 1137 ))
209 1117 316 1148 neque
336 1106 393 1136 hos
411 1105 483 1136 ideo
503 1116 588 1135 arma
611 1105 744 1147 cepisse,
770 1110 807 1135 ut
826 1104 932 1147 aliqua
955 1105 1045 1137 victis
1065 1105 1230 1145 adimant,
1245 1105 1300 1136 sed
1316 1112 1353 1136 ut
1377 1105 1502 1136 ademta

174 1171 194 1190 2>
209 1159 395 1191 restituant:
428 1158 557 1201 triginta
581 1168 613 1188 se
651 1157 802 1197 dominis,
832 1158 889 1200 qui
915 1159 1054 1200 quaestus
1082 1159 1133 1190 sui
1162 1158 1263 1201 gratia
1287 1159 1395 1201 plures
1419 1170 1502 1202 pene

174 1223 193 1243 ))
210 1212 454 1243 Atheniensium
475 1211 647 1241 octimestri
662 1216 805 1254 tempore
824 1211 1026 1252 occidissent,
1046 1223 1143 1255 quam
1160 1224 1269 1244 omnes
1279 1212 1502 1255 Peloponensii

174 1264 319 1296 »decem
341 1264 431 1295 annis
455 1263 576 1295 bellum
598 1270 759 1306 gerentes,
784 1265 924 1296 infensos
943 1276 1028 1305 esse,
1053 1277 1118 1296 non
1139 1265 1290 1297 civitati.''
1319 1265 1504 1297 Admonens

174 1317 289 1349 deinde
311 1317 520 1360 cognationis,
542 1317 667 1360 legum,
689 1329 850 1350 sacrorum
878 1320 1117 1359 communium,
1144 1320 1261 1352 vetusti
1282 1307 1406 1363 Per„t0t
1418 1319 1502 1351 bella

174 1371 367 1409 commilitii,
389 1382 408 1401 ))
424 1371 541 1402 scirent
555 1370 728 1414 denique”,
749 1372 870 1414 inquit,
897 1384 915 1403 ))
928 1383 994 1412 eos,
1015 1373 1071 1416 qui
1091 1372 1155 1417 jam
1174 1373 1376 1413 cecidissent,
1401 1384 1465 1404 non
1484 1385 1502 1403 a

173 1436 193 1456 ))
209 1425 300 1457 victis
320 1424 440 1464 solum,
470 1424 525 1455 sed
546 1430 578 1455 et
600 1436 616 1455 a
643 1424 817 1456 victoribus
839 1425 968 1456 dessers'
983 1426 1042 1469 (4)
1073 1426 1200 1465 Quibus
1223 1427 1355 1466 auditis,
1385 1427 1501 1469 reliqui

173 1478 300 1520 tyranni
317 1478 414 1509 socios
433 1489 505 1509 suos
519 1479 553 1508 in
572 1477 685 1510 urbem
704 1478 924 1520 abduxerunt,
944 1491 1018 1511 cum
1036 1486 1167 1523 propter
1182 1486 1344 1523 acceptam
1361 1479 1501 1515 cladem,

175 1536 246 1562 tum
263 1530 349 1573 quod
363 1532 435 1562 istas
450 1530 711 1574 reprehensiones
731 1531 889 1563 debebant
908 1532 1015 1564 subire
1030 1533 1093 1575 (5),
1114 1532 1276 1575 multique
1290 1538 1443 1574 praeterea
1462 1531 1502 1562 ad

175 1583 300 1614 exsules
319 1585 523 1616 transierunt.
552 1585 685 1616 Interim
711 1584 929 1626 Thrasybulus
955 1585 1057 1616 Piraeo
1082 1587 1201 1627 potitus
1223 1591 1282 1616 est:
1311 1595 1374 1627 quo
1396 1584 1500 1624 facto,

157 1668 159 1670 ,
176 1636 327 1667 continuo
346 1637 458 1680 ingens
474 1649 512 1668 ex
528 1636 608 1669 urbe
623 1637 798 1668 multitudo
812 1637 997 1679 hominum,
1014 1649 1092 1681 quos
1105 1637 1169 1682 jam
1188 1638 1313 1681 pridem
1329 1644 1500 1681 pertaesum

175 1688 283 1720 fuerat
291 1690 481 1732 tyrannidiS,
492 1690 526 1721 in
538 1691 677 1722 Piraeum
688 1689 834 1731 confluit,
851 1702 1023 1734 omnesque
1033 1703 1091 1735 per
1106 1691 1200 1723 urbes
1215 1691 1345 1734 dispersi
1358 1689 1499 1729 exsules,

174 1741 291 1773 auditis
321 1742 511 1785 Thrasybuli
538 1742 752 1784 successibus,
777 1744 812 1775 in
833 1744 976 1776 ‘Piraeum
999 1745 1046 1776 illi
1069 1756 1102 1777 se
1125 1744 1299 1788 adjungere
1325 1743 1499 1786 pararunt,

174 1794 217 1824 ita
237 1799 275 1825 ut
295 1793 444 1837 deinceps
463 1795 612 1828 exsulum
634 1796 733 1839 copiae
754 1807 889 1829 numero
907 1797 1003 1841 longe
1022 1804 1125 1829 essent
1144 1798 1322 1840 superiores
1341 1797 1399 1839 (6).

234 1887 280 1916 (ι)
294 1888 373 1910 Diod.
389 1896 411 1910 c.
427 1889 470 1917 33,
489 1888 600 1919 Xenoph.
614 1888 633 1912 l.
647 1889 664 1912 l.
678 1890 691 1919 §
705 1898 740 1920 19.
954 1892 987 1922 (2)
1005 1891 1115 1922 Xerzoplc.
1130 1891 1147 1915 1.
1162 1891 1181 1915 l.
1197 1891 1322 1917 Iustinus,
1339 1889 1369 1919 V,
1385 1898 1408 1920 9,.

233 1927 278 1956 (3)
293 1928 389 1957 Nepos,
407 1928 435 1951 in
455 1928 575 1960 Tltmsyh.
591 1936 611 1953 c.
627 1937 653 1957 2;
676 1930 787 1960 Xetzoplz.
808 1930 826 1953 1.
844 1931 865 1954 l>

233 1966 278 1995 (4)
294 1967 406 1997 Xenoph.
426 1968 439 1998 ς)
456 1976 498 1995 20,
514 1975 562 1999 seq.
578 1969 704 1999 Justinus,
723 1970 741 1993 l.
758 1970 776 1994 1.
797 1979 820 1994 c.
839 1979 876 1994 ιο.

233 2005 279 2034 (5)
295 2006 406 2036 Xenoplz.
424 2007 436 2037 §
452 2015 489 2029 22.
508 2007 586 2030 Diod.
603 2016 624 2031 c.
641 2010 679 2032 53.

234 2044 280 2075 (6)
292 2046 373 2069 Diod.
389 2045 410 2069 Ι,
424 2046 444 2069 1.
462 2047 566 2078 Lysias,
584 2048 641 2071 adu.
657 2048 805 2079 Philonem,
826 2057 852 2081 p.
868 2050 925 2080 448,
946 2058 996 2082 seq.
