1820 2568
565 475 1033 516 PRAEFATIO.

185 914 331 945 Nostrae
353 914 476 944 aetatis
499 924 540 944 ea
558 918 610 944 est
617 911 778 954 felicitas
784 934 797 949 ,
826 917 864 942 ut
885 903 925 942 in*
943 913 1096 944 omnibus
1108 912 1188 956 fere
1208 913 1351 952 studiis,
1383 926 1471 958 quae

141 976 189 1007 ad
210 987 321 1007 veram
349 976 593 1006 humanitatem
615 975 809 1016 pertinent,
848 975 1029 1017 insigniter
1057 975 1316 1018 profecerimus:
1358 978 1468 1020 quod,

142 1049 217 1069 cum
241 1050 283 1070 ex
307 1039 388 1069 aliis
413 1039 511 1069 rebus
534 1043 652 1080 patet,
684 1043 754 1068 tum
778 1038 814 1068 in
828 1038 953 1078 primis
981 1038 1075 1073 inde,
1108 1039 1200 1079 quod
1223 1039 1317 1069 bonis
1343 1040 1469 1077 literis,

135 1101 337 1142 praesertim
362 1101 397 1130 in
422 1100 644 1130 dilectissima
664 1099 803 1139 patria,
834 1109 997 1141 magnus,
1030 1099 1067 1130 id
1088 1105 1159 1136 est,
1190 1111 1273 1131 suus
1300 1101 1472 1132 tribuatur

141 1163 263 1200 honos,
292 1173 357 1193 non
382 1167 511 1193 tantum
534 1161 579 1191 ab
603 1161 757 1192 universo
772 1160 850 1204 fere
866 1162 1011 1203 populo,
1035 1173 1148 1193 verum
1169 1164 1272 1193 etiam
1295 1175 1318 1194 a
1342 1175 1471 1195 summo

143 1226 326 1267 imperante
350 1225 578 1266 reliquisque,
606 1224 667 1266 qui
688 1224 752 1254 sub
776 1223 851 1266 ejus
876 1225 1042 1266 auspiciis
1068 1225 1274 1266 reipublicae
1293 1233 1470 1267 praesunt.

189 1287 303 1318 Testes
322 1292 417 1324 sunt,
434 1292 472 1317 ut
476 1287 664 1328 praecipua
676 1286 844 1328 quaedam
859 1297 1050 1325 memorem,
1067 1299 1128 1320 sex
1143 1289 1177 1319 z'n
1193 1300 1261 1320 una
1274 1301 1334 1321 nec
1347 1301 1472 1333 magna

141 1351 274 1392 regione
303 1350 427 1380 artium
451 1349 743 1390 doctrinarumque
771 1348 943 1380 domicilia
971 1356 1005 1381 et
1029 1352 1132 1392 quasi
1162 1353 1315 1383 sacraria
1328 1363 1338 1382 .·
1371 1358 1472 1384 testes

138 1419 222 1443 sunt
248 1413 340 1455 leges
367 1411 604 1443 Academicae
630 1412 939 1453 prudentissimae:
979 1418 1079 1444 testes
1109 1419 1190 1444 sunt
1224 1414 1446 1454 Quaestiones
1457 1437 1469 1452 ,

143 1487 232 1518 quae
252 1487 295 1507 ex
314 1476 466 1507 omnibus
482 1474 561 1517 sere
586 1475 742 1506 humanis
767 1475 958 1517 disciplinis
975 1476 1147 1508 desumtae
1166 1477 1329 1508 studiosis
1350 1478 1472 1520 Belgis

142 1540 323 1580 quotannis
339 1544 590 1581 proponuntur,
622 1544 724 1580 atque
746 1550 844 1570 verae
869 1539 983 1569 laudis
1011 1540 1131 1581 cupido
1156 1539 1361 1571 adolescenti
1382 1541 1472 1581 opti—

143 1612 231 1632 mam
255 1602 460 1632 occasionem
474 1601 641 1643 praebent
662 1602 748 1633 vires
766 1602 984 1642 periclitandi
1006 1602 1259 1644 studiorumque
1278 1603 1471 1644 speciminis

143 1663 332 1695 exhibendi.
356 1663 547 1706 Pleraeque
572 1665 677 1700 enim,
700 1675 788 1705 quae
797 1669 1048 1706 proponuntur,
1067 1665 1280 1706 quaestiones
1297 1663 1373 1705 ejus
1392 1670 1473 1695 sunt

141 1728 298 1769 generis,
334 1733 374 1758 ut
389 1727 473 1769 fiori
502 1739 567 1758 non
595 1728 728 1768 possit,
764 1729 848 1770 quin
875 1727 1047 1758 studiosus
1078 1726 1241 1769 juvenis,
1275 1728 1345 1758 nisi
1365 1728 1473 1769 plane

143 1790 272 1827 illotis,
299 1795 342 1823 ut,
358 1790 491 1827 dicunt,
523 1790 678 1821 manibus
700 1791 783 1822 haec
806 1802 906 1822 sacra
933 1796 1072 1828 tractet,
1100 1796 1154 1828 et,
1182 1791 1252 1821 nisi
1273 1790 1388 1833 (quod
1404 1791 1472 1821 ali—

144 1852 279 1894 quando
293 1852 367 1895 fit)
393 1853 532 1884 nimium
561 1859 741 1894 occupatus
767 1855 802 1885 in
830 1854 1108 1886 Commentatione
1125 1853 1331 1885 elaboranda
1355 1859 1389 1884 et
1413 1854 1472 1885 de-

143 1915 321 1946 scribenda
356 1922 557 1947 caeterorum
585 1916 771 1947 studiorum
800 1928 933 1948 cursum
959 1918 1066 1959 plane
1100 1917 1277 1960 negligat,
1316 1917 1471 1959 quamvis

4 1984 5 2022 ;
144 1978 250 2008 vietor
281 1989 299 2008 e
329 1979 507 2010 certamine
535 1990 601 2010 non
636 1979 814 2018 decedens,
851 1981 1032 2012 uberrimos
1066 1986 1177 2011 tamen
1204 1980 1471 2011 lucubrationum

144 2051 283 2072 suarum
296 2040 435 2084 fructus
461 2054 497 2073 se
515 2044 706 2086 percepisse
725 2044 926 2087 profiteatur
951 2055 1084 2076 necesse
1108 2044 1165 2075 sit.
