1763 2511
772 171 913 214 (¹39)

179 248 218 280 ad
239 248 344 290 legem
364 258 408 279 xn
426 245 622 278 Tabularum
643 244 850 288 perduravit,
870 256 933 288 qua
954 244 1125 277 criminum
1146 246 1263 290 judicia
1285 259 1301 278 a
1326 249 1508 282 consulibus

178 303 218 334 ad
243 302 399 345 populum
424 302 552 344 penitus
577 301 712 332 fuerunt
733 298 893 329 translata.
917 299 1059 341 Populus
1082 306 1189 331 tamen
1211 300 1250 332 de
1272 301 1418 333 omnibus
1444 305 1510 335 cri—-

179 356 319 387 minibus
340 365 397 398 per
415 365 448 385 se
468 365 532 385 non
553 352 721 395 cognovit,
742 350 797 382 sed
818 357 943 383 tantum
970 352 1009 383 de
1033 353 1093 384 illis
1115 365 1187 397 quae
1204 354 1243 386 ad
1264 355 1399 387 salutem
1417 356 1506 400 Reip.

178 409 297 441 directe
323 407 546 451 pertinebant3
566 406 599 436 in
626 404 759 447 reliquis
779 416 854 437 vero
876 406 969 438 niodo
990 406 1028 438 ab
1052 409 1140 450 ipso,
1168 409 1260 440 modo
1286 421 1302 440 a
1329 410 1503 451 dictatore,

178 462 271 494 modo
291 474 307 493 a
327 467 437 493 senatu
459 457 635 501 eligebatur
656 465 813 500 quaestor,
836 461 891 502 qui
915 460 1159 502 praeliminarem
1187 463 1425 505 inquisitionem
1456 466 1508 496 in—

177 515 342 553 stituebat,
364 519 395 543 et
414 511 555 556 judicem
571 512 768 554 quaestionis,
784 518 822 543 ut
840 512 1021 553 dicebatur,
1040 514 1243 555 nominabat,
1267 528 1293 554 a,
1305 528 1369 559 quo
1389 518 1507 550 iterum

176 569 297 612 judices
323 572 406 596 sorte
434 565 527 605 duci,
548 566 679 608 quaestio
704 565 819 608 dirigi,
846 572 878 596 et
903 566 1041 597 collectis
1069 568 1226 611 suffragiis
1249 572 1404 602 sententia
1432 584 1508 614 pro-

175 620 324 652 nunciari
345 618 477 650 solebat.
498 618 669 658 Quomodo
690 624 797 650 autem
818 618 940 662 judices
958 621 1061 662 primo
1076 632 1115 651 ex
1137 623 1307 662 senatorio,
1331 623 1420 664 dein,
1437 625 1506 656 Tib.

174 673 319 704 Graccho
341 679 472 716 rogante
483 696 491 712 ,
516 683 555 704 ex
575 673 714 715 equestri
729 672 840 704 ordine
855 673 978 704 fuerint
992 673 1169 716 desumpti,
1187 681 1219 705 et
1234 677 1392 718 quomodo
1407 683 1510 709 tractu

174 727 326 769 temporis
350 726 550 769 singulorum
581 726 753 757 criminum
787 727 974 768 quaestiones
1000 728 1133 769 singulis
1164 729 1351 770 praetoribus
1380 730 1508 763 tributae

174 792 211 812 ac
225 787 391 823 perpetuae
414 781 506 811 factae
531 781 614 820 sint,
635 780 697 811 hoc
723 780 793 811 loco
818 780 1071 822 praetermittam.
1092 780 1173 812 Nam
1193 792 1233 812 ex
1251 782 1288 813 iis
1308 794 1380 825 quae
1400 784 1506 823 attuli,

172 834 254 865 nihil
278 834 366 865 aliud
391 833 479 866 volui
500 833 624 865 efficere
645 845 743 876 quam
763 833 922 876 populum
946 833 1144 874 Romanum,
1165 835 1269 877 quoad
1289 835 1381 879 Resp.
1404 838 1506 877 stetit,

171 887 336 931 judicandi
356 888 553 930 provinciam
572 887 665 919 variis
692 886 823 929 quidem
845 886 946 918 modis
971 887 1111 918 divisisse
1134 893 1167 918 et
1187 889 1220 919 in
1246 888 1399 931 eligendis
1418 889 1506 934 judi-

173 940 263 972 cibus
285 941 456 972 maximam
479 941 797 983 circumspectionem
823 940 1027 981 adhibuisse,
1052 942 1106 973 sed
1126 942 1230 974 nullas
1247 944 1376 975 omnino
1397 944 1505 976 tulisse

172 994 258 1037 leges
278 994 395 1037 quihus
414 994 576 1038 judicandi
598 994 778 1026 libertatem
794 995 1016 1037 restringeret,
1032 1001 1064 1026 et
1083 995 1283 1038 probationes
1298 997 1338 1028 ad
1353 997 1505 1030 condem—

169 1047 315 1079 nandum
335 1047 388 1080 vel
406 1047 634 1080 absolvendum
655 1047 783 1079 idoneas
806 1048 923 1079 arctius
948 1047 1186 1080 determinaret.
1209 1050 1325 1082 Eversa
1347 1062 1422 1083 vero
1441 1051 1505 1083 Re·-

170 1099 320 1142 publica,
348 1101 555 1143 imperatores
580 1100 745 1132 nonnullis
769 1100 901 1132 testibus
927 1101 1107 1133 testimonio
1133 1101 1268 1134 dicendo
1289 1103 1503 1144 interdixere,

170 1153 246 1195 quia
273 1163 386 1184 eorum
405 1164 504 1185 rvoces
528 1153 580 1185 vel
610 1154 719 1196 impiae
744 1154 796 1185 vel
819 1160 973 1196 suspectae
1003 1155 1286 1196 existimabantur,
1313 1157 1381 1189 aliis
1407 1157 1504 1189 absti-

168 1206 268 1238 nendi
287 1206 474 1238 facultatem
498 1218 696 1247 concessere,
720 1207 795 1250 quia
819 1208 915 1239 nimis
940 1218 1036 1251 grave
1057 1208 1131 1250 ipsis
1157 1209 1270 1241 fuisset
1290 1210 1323 1240 in
1344 1209 1503 1253 judicium

169 1261 275 1292 vocari
287 1284 295 1300 ,
319 1266 416 1303 atque
431 1261 737 1300 etiamedixerunt,
754 1267 792 1292 ut
810 1272 852 1292 ne
867 1261 924 1292 uni
944 1272 1089 1303 unquam
1110 1262 1181 1293 testi
1202 1261 1408 1295 adhiberetur
1427 1263 1503 1295 fides

168 1319 201 1344 et
226 1320 264 1345 ut
283 1314 446 1345 confessus
468 1325 526 1356 pro
548 1315 694 1347 convicto
719 1313 913 1354 haberetur,
935 1314 961 1345 si
988 1313 1082 1346 modo
1112 1313 1172 1346 alia
1201 1314 1241 1346 ad
1271 1315 1500 1348 confessionem

169 1367 418 1398 confirmandam
440 1367 629 1398 accederent
650 1367 778 1399 indicia.
805 1368 868 1399 Sed
891 1368 957 1399 istis
979 1367 1103 1410 legibus
1123 1367 1285 1411 judicandi
1310 1368 1437 1400 libertas
1458 1381 1500 1402 ne

166 1420 337 1451 minimum
353 1419 485 1462 quidem
503 1420 568 1451 fuit
583 1420 742 1461 restricta,
761 1422 844 1452 sicut
859 1432 898 1452 ex
913 1421 968 1452 illo
984 1421 1058 1453 Divi
1077 1421 1229 1453 Hadriani
1246 1423 1398 1466 rescripto
1413 1423 1501 1466 quod

166 1474 201 1504 in
232 1473 336 1515 capite
355 1472 453 1517 hujus
477 1474 575 1516 partis
597 1474 710 1515 retuli,
734 1475 902 1506 manifesto
931 1481 1080 1518 apparet,
1102 1476 1145 1506 ita
1170 1481 1208 1507 ut
1232 1476 1380 1508 universe
1402 1477 1498 1519 possit

168 1525 333 1567 affirmari,
360 1525 506 1570 judicum
538 1528 761 1560 conscientiam
792 1529 879 1572 apud
902 1529 1057 1561 Romanos
1089 1529 1129 1560 ad
1157 1535 1281 1561 certum
1307 1530 1499 1573 probationis

167 1580 299 1614 modum
323 1592 492 1624 nunquam
516 1582 618 1614 fuisse.
639 1583 810 1627 alligatam.

779 1688 802 1731 g
837 1690 889 1722 78.

167 1771 223 1803 De
234 1771 375 1803 diversis
391 1784 468 1816 qaoe
472 1779 555 1815 post
564 1785 712 1806 eversum
726 1776 900 1817 imperium
910 1776 1121 1807 Romanam
1110 1787 1143 1806 m
1155 1775 1292 1817 Europa
1305 1776 1464 1818 viguerun
1470 1781 1494 1812 t,

543 1827 713 1868 probandi
728 1827 854 1871 formis
881 1840 987 1870 usque
1011 1829 1059 1859 ad
1082 1840 1151 1859 nos.

210 1911 382 1955 Postquam
407 1912 558 1945 obrutum
579 1912 785 1946 barbarorum
809 1915 892 1946 mole
913 1916 1084 1959 imperium
1110 1915 1288 1947 Romanum
1313 1924 1492 1956 eversaeque

168 1963 273 2007 leges,
300 1971 410 2009 gentes
435 1967 581 1999 victrices
603 1978 620 1999 e
646 1968 731 2002 silvis
754 1975 915 2013 proruptae
939 1969 1037 2001 nimia
1064 1969 1241 2012 ignorantia
1267 1970 1421 2000 immersae
1444 1966 1493 2010 ja·-
