<?xml version="1.0" encoding="UTF-8"?>
<!DOCTYPE html PUBLIC "-//W3C//DTD XHTML 1.0 Transitional//EN"
    "http://www.w3.org/TR/xhtml1/DTD/xhtml1-transitional.dtd">
<html xmlns="http://www.w3.org/1999/xhtml" xml:lang="en" lang="en">
 <head>
  <title>
</title>
<meta http-equiv="Content-Type" content="text/html;charset=utf-8" />
  <meta name='ocr-system' content='tesseract 3.04.00' />
  <meta name='ocr-capabilities' content='ocr_page ocr_carea ocr_par ocr_line ocrx_word'/>
</head>
<body>
  <div class='ocr_page' id='page_1' title='image "annalesacademiae24gand_0039.png"; bbox 0 0 1820 2568; ppageno 0'>
   <div class='ocr_carea' id='block_1_1' title="bbox 750 183 845 225">
    <p class='ocr_par' dir='ltr' id='par_1_1' title="bbox 750 183 845 225">
     <span class='ocr_line' id='line_1_1' title="bbox 750 183 845 225; baseline 0 0"><span class='ocrx_word' id='word_1_1' title='bbox 750 183 845 225; x_wconf 87' lang='lat'>(9)</span> 
     </span>
    </p>
   </div>
   <div class='ocr_carea' id='block_1_2' title="bbox 81 255 1468 2062">
    <p class='ocr_par' dir='ltr' id='par_1_2' title="bbox 81 255 1468 891">
     <span class='ocr_line' id='line_1_2' title="bbox 171 255 1463 304; baseline -0.001 -11"><span class='ocrx_word' id='word_1_2' title='bbox 171 262 212 293; x_wconf 89' lang='lat' dir='ltr'>Et</span> <span class='ocrx_word' id='word_1_3' title='bbox 231 260 342 299; x_wconf 84' lang='lat' dir='ltr'>liceat,</span> <span class='ocrx_word' id='word_1_4' title='bbox 357 259 418 291; x_wconf 92' lang='lat' dir='ltr'>hoc</span> <span class='ocrx_word' id='word_1_5' title='bbox 435 259 522 301; x_wconf 81' lang='lat' dir='ltr'>loco,</span> <span class='ocrx_word' id='word_1_6' title='bbox 544 257 759 301; x_wconf 87' lang='lat' dir='ltr'>professorum</span> <span class='ocrx_word' id='word_1_7' title='bbox 783 255 905 286; x_wconf 85' lang='lat' dir='ltr'>meritis</span> <span class='ocrx_word' id='word_1_8' title='bbox 925 256 1153 299; x_wconf 80' lang='lat' dir='ltr'>discipulorum</span> <span class='ocrx_word' id='word_1_9' title='bbox 1171 257 1300 290; x_wconf 87' lang='lat' dir='ltr'>laudem</span> <span class='ocrx_word' id='word_1_10' title='bbox 1316 258 1463 304; x_wconf 85' lang='lat' dir='ltr'>adjicere.</span> 
     </span>
     <span class='ocr_line' id='line_1_3' title="bbox 128 311 1466 352; baseline -0.001 -5"><span class='ocrx_word' id='word_1_11' title='bbox 128 315 309 347; x_wconf 86' lang='lat' dir='ltr'>Arctissima</span> <span class='ocrx_word' id='word_1_12' title='bbox 333 313 418 344; x_wconf 87' lang='lat' dir='ltr'>enim</span> <span class='ocrx_word' id='word_1_13' title='bbox 440 313 524 343; x_wconf 87' lang='lat' dir='ltr'>inter</span> <span class='ocrx_word' id='word_1_14' title='bbox 546 316 699 352; x_wconf 84' lang='lat' dir='ltr'>utrosque</span> <span class='ocrx_word' id='word_1_15' title='bbox 719 319 827 340; x_wconf 87' lang='lat' dir='ltr'>rerum</span> <span class='ocrx_word' id='word_1_16' title='bbox 850 320 1073 352; x_wconf 82' lang='lat' dir='ltr'>prosperarum</span> <span class='ocrx_word' id='word_1_17' title='bbox 1097 317 1129 341; x_wconf 90' lang='lat' dir='ltr'>et</span> <span class='ocrx_word' id='word_1_18' title='bbox 1157 311 1360 344; x_wconf 87' lang='lat' dir='ltr'>adversarum</span> <span class='ocrx_word' id='word_1_19' title='bbox 1388 325 1466 345; x_wconf 90' lang='lat' dir='ltr'>con-</span> 
     </span>
     <span class='ocr_line' id='line_1_4' title="bbox 127 364 1465 413; baseline 0 -14"><span class='ocrx_word' id='word_1_20' title='bbox 127 369 249 413; x_wconf 84' lang='lat' dir='ltr'>junctio</span> <span class='ocrx_word' id='word_1_21' title='bbox 273 366 457 404; x_wconf 79' lang='lat' dir='ltr'><strong>intercedit,</strong></span> <span class='ocrx_word' id='word_1_22' title='bbox 480 371 515 395; x_wconf 87' lang='lat' dir='ltr'>et</span> <span class='ocrx_word' id='word_1_23' title='bbox 540 364 800 407; x_wconf 80' lang='lat' dir='ltr'>quandoquidem</span> <span class='ocrx_word' id='word_1_24' title='bbox 821 364 855 394; x_wconf 87' lang='lat' dir='ltr'>in</span> <span class='ocrx_word' id='word_1_25' title='bbox 881 375 918 395; x_wconf 86' lang='lat' dir='ltr'>eo</span> <span class='ocrx_word' id='word_1_26' title='bbox 940 365 1138 406; x_wconf 83' lang='lat' dir='ltr'>potissimum</span> <span class='ocrx_word' id='word_1_27' title='bbox 1158 367 1257 408; x_wconf 87' lang='lat' dir='ltr'>posita</span> <span class='ocrx_word' id='word_1_28' title='bbox 1281 373 1330 397; x_wconf 85' lang='lat' dir='ltr'>est</span> <span class='ocrx_word' id='word_1_29' title='bbox 1348 367 1465 399; x_wconf 86' lang='lat' dir='ltr'>acade—</span> 
     </span>
     <span class='ocr_line' id='line_1_5' title="bbox 126 418 1466 464; baseline -0.001 -11"><span class='ocrx_word' id='word_1_30' title='bbox 126 422 265 453; x_wconf 86' lang='lat' dir='ltr'>miarum</span> <span class='ocrx_word' id='word_1_31' title='bbox 281 420 418 458; x_wconf 86' lang='lat' dir='ltr'>utilitas,</span> <span class='ocrx_word' id='word_1_32' title='bbox 439 425 476 450; x_wconf 92' lang='lat' dir='ltr'>ut</span> <span class='ocrx_word' id='word_1_33' title='bbox 490 429 507 449; x_wconf 93' lang='lat' dir='ltr'>e</span> <span class='ocrx_word' id='word_1_34' title='bbox 523 418 704 449; x_wconf 79' lang='lat' dir='ltr'>scholarum</span> <span class='ocrx_word' id='word_1_35' title='bbox 728 418 859 457; x_wconf 87' lang='lat' dir='ltr'>umbra,</span> <span class='ocrx_word' id='word_1_36' title='bbox 879 419 919 449; x_wconf 85' lang='lat' dir='ltr'>ad</span> <span class='ocrx_word' id='word_1_37' title='bbox 939 419 1065 449; x_wconf 72' lang='lat' dir='ltr'>civilem</span> <span class='ocrx_word' id='word_1_38' title='bbox 1084 422 1348 452; x_wconf 79' lang='lat' dir='ltr'>communitatem</span> <span class='ocrx_word' id='word_1_39' title='bbox 1369 433 1466 464; x_wconf 88' lang='lat' dir='ltr'>quam</span> 
     </span>
     <span class='ocr_line' id='line_1_6' title="bbox 129 472 1467 518; baseline 0.001 -12"><span class='ocrx_word' id='word_1_40' title='bbox 129 476 248 518; x_wconf 87' lang='lat' dir='ltr'>optime</span> <span class='ocrx_word' id='word_1_41' title='bbox 267 473 414 505; x_wconf 72' lang='lat' dir='ltr'>instructi</span> <span class='ocrx_word' id='word_1_42' title='bbox 433 472 647 503; x_wconf 82' lang='lat' dir='ltr'>adolescentes</span> <span class='ocrx_word' id='word_1_43' title='bbox 667 478 803 511; x_wconf 78' lang='lat' dir='ltr'>exeant,</span> <span class='ocrx_word' id='word_1_44' title='bbox 824 472 963 503; x_wconf 83' lang='lat' dir='ltr'>dubitari</span> <span class='ocrx_word' id='word_1_45' title='bbox 984 485 1047 504; x_wconf 88' lang='lat' dir='ltr'>non</span> <span class='ocrx_word' id='word_1_46' title='bbox 1069 480 1171 516; x_wconf 82' lang='lat' dir='ltr'>potest</span> <span class='ocrx_word' id='word_1_47' title='bbox 1192 475 1271 517; x_wconf 85' lang='lat' dir='ltr'>quin</span> <span class='ocrx_word' id='word_1_48' title='bbox 1294 487 1333 506; x_wconf 83' lang='lat' dir='ltr'>ex</span> <span class='ocrx_word' id='word_1_49' title='bbox 1355 487 1467 507; x_wconf 89' lang='lat' dir='ltr'>eorum</span> 
     </span>
     <span class='ocr_line' id='line_1_7' title="bbox 130 525 1468 572; baseline 0.002 -14"><span class='ocrx_word' id='word_1_50' title='bbox 130 526 365 571; x_wconf 74' lang='lat' dir='ltr'>progressibus,</span> <span class='ocrx_word' id='word_1_51' title='bbox 392 531 519 557; x_wconf 87' lang='lat' dir='ltr'>tantum</span> <span class='ocrx_word' id='word_1_52' title='bbox 544 526 578 556; x_wconf 81' lang='lat' dir='ltr'>in</span> <span class='ocrx_word' id='word_1_53' title='bbox 598 525 742 568; x_wconf 83' lang='lat' dir='ltr'>publicas</span> <span class='ocrx_word' id='word_1_54' title='bbox 765 526 979 557; x_wconf 70' lang='lat' dir='ltr'>institutiones</span> <span class='ocrx_word' id='word_1_55' title='bbox 1003 526 1131 557; x_wconf 89' lang='lat' dir='ltr'>honoris</span> <span class='ocrx_word' id='word_1_56' title='bbox 1150 528 1331 568; x_wconf 80' lang='lat' dir='ltr'><strong>redundet,</strong></span> <span class='ocrx_word' id='word_1_57' title='bbox 1362 541 1468 572; x_wconf 79' lang='lat' dir='ltr'>quan-</span> 
     </span>
     <span class='ocr_line' id='line_1_8' title="bbox 127 579 1468 626; baseline 0.001 -13"><span class='ocrx_word' id='word_1_58' title='bbox 127 588 197 613; x_wconf 90' lang='lat' dir='ltr'>tum</span> <span class='ocrx_word' id='word_1_59' title='bbox 218 592 257 611; x_wconf 83' lang='lat' dir='ltr'>ex</span> <span class='ocrx_word' id='word_1_60' title='bbox 280 581 421 623; x_wconf 77' lang='lat' dir='ltr'>ipsorum</span> <span class='ocrx_word' id='word_1_61' title='bbox 437 579 653 622; x_wconf 86' lang='lat' dir='ltr'>professorum</span> <span class='ocrx_word' id='word_1_62' title='bbox 675 579 836 622; x_wconf 82' lang='lat' dir='ltr'>operibus.</span> <span class='ocrx_word' id='word_1_63' title='bbox 861 581 959 622; x_wconf 83' lang='lat' dir='ltr'>Atqui</span> <span class='ocrx_word' id='word_1_64' title='bbox 983 580 1159 612; x_wconf 87' lang='lat' dir='ltr'>uberrimos</span> <span class='ocrx_word' id='word_1_65' title='bbox 1172 606 1180 621; x_wconf 81' lang='grc'>,</span> <span class='ocrx_word' id='word_1_66' title='bbox 1197 582 1294 626; x_wconf 85' lang='lat' dir='ltr'>hujus</span> <span class='ocrx_word' id='word_1_67' title='bbox 1314 585 1390 614; x_wconf 88' lang='lat' dir='ltr'>anni</span> <span class='ocrx_word' id='word_1_68' title='bbox 1410 583 1468 615; x_wconf 92' lang='lat' dir='ltr'>de-</span> 
     </span>
     <span class='ocr_line' id='line_1_9' title="bbox 127 634 1466 677; baseline 0 -10"><span class='ocrx_word' id='word_1_69' title='bbox 127 647 241 674; x_wconf 84' lang='lat' dir='ltr'>cursu,</span> <span class='ocrx_word' id='word_1_70' title='bbox 269 635 395 666; x_wconf 86' lang='lat' dir='ltr'>fructus</span> <span class='ocrx_word' id='word_1_71' title='bbox 415 634 621 665; x_wconf 86' lang='lat' dir='ltr'>alumnorum</span> <span class='ocrx_word' id='word_1_72' title='bbox 645 641 827 666; x_wconf 85' lang='lat' dir='ltr'>nostrorum</span> <span class='ocrx_word' id='word_1_73' title='bbox 844 635 919 666; x_wconf 89' lang='lat' dir='ltr'>tulit</span> <span class='ocrx_word' id='word_1_74' title='bbox 938 634 1122 677; x_wconf 85' lang='lat' dir='ltr'>impigritia.</span> <span class='ocrx_word' id='word_1_75' title='bbox 1149 635 1220 666; x_wconf 85' lang='lat' dir='ltr'>Non</span> <span class='ocrx_word' id='word_1_76' title='bbox 1243 636 1376 667; x_wconf 79' lang='lat' dir='ltr'>victores</span> <span class='ocrx_word' id='word_1_77' title='bbox 1396 636 1466 668; x_wconf 80' lang='lat' dir='ltr'>illos</span> 
     </span>
     <span class='ocr_line' id='line_1_10' title="bbox 126 688 1467 732; baseline 0.001 -11"><span class='ocrx_word' id='word_1_78' title='bbox 126 701 267 721; x_wconf 85' lang='lat' dir='ltr'>memoro</span> <span class='ocrx_word' id='word_1_79' title='bbox 293 691 369 732; x_wconf 85' lang='lat' dir='ltr'>qui,</span> <span class='ocrx_word' id='word_1_80' title='bbox 400 688 537 731; x_wconf 85' lang='lat' dir='ltr'>palmam</span> <span class='ocrx_word' id='word_1_81' title='bbox 567 688 811 720; x_wconf 86' lang='lat' dir='ltr'>Gandavensem</span> <span class='ocrx_word' id='word_1_82' title='bbox 841 689 971 732; x_wconf 82' lang='lat' dir='ltr'>adepti,</span> <span class='ocrx_word' id='word_1_83' title='bbox 999 689 1058 720; x_wconf 83' lang='lat' dir='ltr'>hac</span> <span class='ocrx_word' id='word_1_84' title='bbox 1088 691 1154 732; x_wconf 87' lang='lat' dir='ltr'>ipsa</span> <span class='ocrx_word' id='word_1_85' title='bbox 1184 689 1235 721; x_wconf 89' lang='lat' dir='ltr'>die</span> <span class='ocrx_word' id='word_1_86' title='bbox 1256 691 1387 732; x_wconf 77' lang='lat' dir='ltr'>prcemio</span> <span class='ocrx_word' id='word_1_87' title='bbox 1408 690 1467 722; x_wconf 90' lang='lat' dir='ltr'>do-</span> 
     </span>
     <span class='ocr_line' id='line_1_11' title="bbox 81 742 1466 787; baseline 0.001 -12"><span class='ocrx_word' id='word_1_88' title='bbox 81 754 84 756; x_wconf 74' lang='lat'>·</span> <span class='ocrx_word' id='word_1_89' title='bbox 125 743 223 775; x_wconf 87' lang='lat' dir='ltr'>nandi</span> <span class='ocrx_word' id='word_1_90' title='bbox 244 749 339 775; x_wconf 91' lang='lat' dir='ltr'>sunt:</span> <span class='ocrx_word' id='word_1_91' title='bbox 364 754 420 774; x_wconf 91' lang='lat' dir='ltr'>sua</span> <span class='ocrx_word' id='word_1_92' title='bbox 443 742 513 773; x_wconf 90' lang='lat' dir='ltr'>illos</span> <span class='ocrx_word' id='word_1_93' title='bbox 536 742 620 773; x_wconf 81' lang='lat' dir='ltr'>fama</span> <span class='ocrx_word' id='word_1_94' title='bbox 644 753 708 772; x_wconf 90' lang='lat' dir='ltr'>non</span> <span class='ocrx_word' id='word_1_95' title='bbox 733 742 878 782; x_wconf 76' lang='lat' dir='ltr'>deseret,</span> <span class='ocrx_word' id='word_1_96' title='bbox 906 754 967 774; x_wconf 88' lang='lat' dir='ltr'>nee</span> <span class='ocrx_word' id='word_1_97' title='bbox 995 745 1106 775; x_wconf 87' lang='lat' dir='ltr'>merita</span> <span class='ocrx_word' id='word_1_98' title='bbox 1136 744 1349 787; x_wconf 79' lang='lat' dir='ltr'>gratulatione</span> <span class='ocrx_word' id='word_1_99' title='bbox 1375 756 1466 776; x_wconf 88' lang='lat' dir='ltr'>care-</span> 
     </span>
     <span class='ocr_line' id='line_1_12' title="bbox 123 795 1460 841; baseline 0.001 -13"><span class='ocrx_word' id='word_1_100' title='bbox 123 796 216 828; x_wconf 89' lang='lat' dir='ltr'>bunt.</span> <span class='ocrx_word' id='word_1_101' title='bbox 234 797 281 827; x_wconf 88' lang='lat' dir='ltr'>De</span> <span class='ocrx_word' id='word_1_102' title='bbox 295 796 364 826; x_wconf 87' lang='lat' dir='ltr'>aliis</span> <span class='ocrx_word' id='word_1_103' title='bbox 379 797 484 838; x_wconf 77' lang='lat' dir='ltr'>agitur</span> <span class='ocrx_word' id='word_1_104' title='bbox 501 796 559 837; x_wconf 91' lang='lat' dir='ltr'>qui</span> <span class='ocrx_word' id='word_1_105' title='bbox 581 795 705 834; x_wconf 77' lang='lat' dir='ltr'>lauros,</span> <span class='ocrx_word' id='word_1_106' title='bbox 721 796 746 826; x_wconf 90' lang='lat' dir='ltr'>si</span> <span class='ocrx_word' id='word_1_107' title='bbox 768 796 811 826; x_wconf 82' lang='lat' dir='ltr'>ita</span> <span class='ocrx_word' id='word_1_108' title='bbox 830 796 919 839; x_wconf 83' lang='lat' dir='ltr'>loqui</span> <span class='ocrx_word' id='word_1_109' title='bbox 938 797 984 828; x_wconf 88' lang='lat' dir='ltr'>fas</span> <span class='ocrx_word' id='word_1_110' title='bbox 999 804 1047 828; x_wconf 78' lang='lat' dir='ltr'>est</span> <span class='ocrx_word' id='word_1_111' title='bbox 1059 822 1067 837; x_wconf 72' lang='lat'><em>⁷</em></span> <span class='ocrx_word' id='word_1_112' title='bbox 1087 799 1254 841; x_wconf 83' lang='lat' dir='ltr'>indigenas</span> <span class='ocrx_word' id='word_1_113' title='bbox 1275 798 1460 841; x_wconf 79' lang='lat' dir='ltr'>dedignati,</span> 
     </span>
     <span class='ocr_line' id='line_1_13' title="bbox 126 848 684 891; baseline -0.005 -9"><span class='ocrx_word' id='word_1_114' title='bbox 126 851 264 882; x_wconf 81' lang='lat' dir='ltr'>exoticas</span> <span class='ocrx_word' id='word_1_115' title='bbox 288 849 462 891; x_wconf 86' lang='lat' dir='ltr'>decerpere</span> <span class='ocrx_word' id='word_1_116' title='bbox 487 848 684 880; x_wconf 82' lang='lat' dir='ltr'>maluerunt.</span> 
     </span>
    </p>

    <p class='ocr_par' dir='ltr' id='par_1_3' title="bbox 122 902 1465 1374">
     <span class='ocr_line' id='line_1_14' title="bbox 170 902 1463 947; baseline 0.004 -13"><span class='ocrx_word' id='word_1_117' title='bbox 170 904 243 934; x_wconf 92' lang='lat' dir='ltr'>Duo</span> <span class='ocrx_word' id='word_1_118' title='bbox 263 903 382 934; x_wconf 86' lang='lat' dir='ltr'>scilicet</span> <span class='ocrx_word' id='word_1_119' title='bbox 402 914 420 933; x_wconf 90' lang='lat' dir='ltr'>e</span> <span class='ocrx_word' id='word_1_120' title='bbox 439 903 568 939; x_wconf 81' lang='lat' dir='ltr'>nostris,</span> <span class='ocrx_word' id='word_1_121' title='bbox 590 903 625 933; x_wconf 87' lang='lat' dir='ltr'>F.</span> <span class='ocrx_word' id='word_1_122' title='bbox 647 902 677 932; x_wconf 88' lang='lat' dir='ltr'>J.</span> <span class='ocrx_word' id='word_1_123' title='bbox 693 902 811 945; x_wconf 88' lang='lat' dir='ltr'>Jaquct</span> <span class='ocrx_word' id='word_1_124' title='bbox 827 908 859 933; x_wconf 90' lang='lat' dir='ltr'>et</span> <span class='ocrx_word' id='word_1_125' title='bbox 874 903 910 933; x_wconf 92' lang='lat' dir='ltr'>P.</span> <span class='ocrx_word' id='word_1_126' title='bbox 931 903 961 933; x_wconf 91' lang='lat' dir='ltr'>J.</span> <span class='ocrx_word' id='word_1_127' title='bbox 979 903 1125 943; x_wconf 87' lang='lat' dir='ltr'>Mathon‚</span> <span class='ocrx_word' id='word_1_128' title='bbox 1148 904 1202 936; x_wconf 90' lang='lat' dir='ltr'>ille</span> <span class='ocrx_word' id='word_1_129' title='bbox 1223 906 1297 937; x_wconf 86' lang='lat' dir='ltr'>artis</span> <span class='ocrx_word' id='word_1_130' title='bbox 1314 906 1463 947; x_wconf 76' lang='lat' dir='ltr'>medicae,</span> 
     </span>
     <span class='ocr_line' id='line_1_15' title="bbox 125 955 1465 1003; baseline 0.002 -15"><span class='ocrx_word' id='word_1_131' title='bbox 125 957 180 988; x_wconf 83' lang='lat' dir='ltr'>hic</span> <span class='ocrx_word' id='word_1_132' title='bbox 203 956 462 1000; x_wconf 56' lang='lat' dir='ltr'>jurisprudentiae</span> <span class='ocrx_word' id='word_1_133' title='bbox 483 955 661 994; x_wconf 76' lang='lat' dir='ltr'>studiosus,</span> <span class='ocrx_word' id='word_1_134' title='bbox 684 955 724 985; x_wconf 81' lang='lat' dir='ltr'>ad</span> <span class='ocrx_word' id='word_1_135' title='bbox 746 957 936 997; x_wconf 74' lang='lat' dir='ltr'>quaestiones</span> <span class='ocrx_word' id='word_1_136' title='bbox 959 957 991 986; x_wconf 86' lang='lat' dir='ltr'>in</span> <span class='ocrx_word' id='word_1_137' title='bbox 1014 957 1174 988; x_wconf 80' lang='lat' dir='ltr'>academia</span> <span class='ocrx_word' id='word_1_138' title='bbox 1198 959 1365 990; x_wconf 83' lang='lat' dir='ltr'>Leodiensi</span> <span class='ocrx_word' id='word_1_139' title='bbox 1389 972 1465 1003; x_wconf 85' lang='lat' dir='ltr'>pro—</span> 
     </span>
     <span class='ocr_line' id='line_1_16' title="bbox 125 1008 1462 1053; baseline 0.002 -12"><span class='ocrx_word' id='word_1_140' title='bbox 125 1012 256 1053; x_wconf 82' lang='lat' dir='ltr'>positas⁷</span> <span class='ocrx_word' id='word_1_141' title='bbox 278 1012 320 1040; x_wconf 84' lang='lat' dir='ltr'>ita</span> <span class='ocrx_word' id='word_1_142' title='bbox 349 1008 603 1051; x_wconf 83' lang='lat' dir='ltr'>responderunt,</span> <span class='ocrx_word' id='word_1_143' title='bbox 631 1013 668 1038; x_wconf 86' lang='lat' dir='ltr'>ut</span> <span class='ocrx_word' id='word_1_144' title='bbox 695 1008 826 1049; x_wconf 75' lang='lat' dir='ltr'>praemio</span> <span class='ocrx_word' id='word_1_145' title='bbox 856 1013 994 1050; x_wconf 83' lang='lat' dir='ltr'>uterque</span> <span class='ocrx_word' id='word_1_146' title='bbox 1025 1009 1140 1050; x_wconf 81' lang='lat' dir='ltr'>dignus</span> <span class='ocrx_word' id='word_1_147' title='bbox 1165 1009 1324 1052; x_wconf 85' lang='lat' dir='ltr'>judicatus</span> <span class='ocrx_word' id='word_1_148' title='bbox 1351 1013 1462 1044; x_wconf 83' lang='lat' dir='ltr'>fuerit.</span> 
     </span>
     <span class='ocr_line' id='line_1_17' title="bbox 125 1060 1464 1106; baseline 0.004 -13"><span class='ocrx_word' id='word_1_149' title='bbox 125 1062 219 1093; x_wconf 88' lang='lat' dir='ltr'>Haud</span> <span class='ocrx_word' id='word_1_150' title='bbox 244 1074 313 1093; x_wconf 91' lang='lat' dir='ltr'>raro</span> <span class='ocrx_word' id='word_1_151' title='bbox 336 1062 485 1104; x_wconf 84' lang='lat' dir='ltr'>equidem</span> <span class='ocrx_word' id='word_1_152' title='bbox 506 1060 675 1091; x_wconf 80' lang='lat' dir='ltr'>acadenliae</span> <span class='ocrx_word' id='word_1_153' title='bbox 698 1060 901 1091; x_wconf 70' lang='lat' dir='ltr'>Gandaxensi</span> <span class='ocrx_word' id='word_1_154' title='bbox 927 1061 995 1092; x_wconf 83' lang='lat' dir='ltr'>talis</span> <span class='ocrx_word' id='word_1_155' title='bbox 1023 1061 1124 1093; x_wconf 84' lang='lat' dir='ltr'>bonor</span> <span class='ocrx_word' id='word_1_156' title='bbox 1147 1065 1299 1106; x_wconf 73' lang='lat' dir='ltr'>contigit,</span> <span class='ocrx_word' id='word_1_157' title='bbox 1322 1072 1353 1096; x_wconf 89' lang='lat' dir='ltr'>at</span> <span class='ocrx_word' id='word_1_158' title='bbox 1374 1066 1464 1098; x_wconf 88' lang='lat' dir='ltr'>nullo</span> 
     </span>
     <span class='ocr_line' id='line_1_18' title="bbox 123 1116 1463 1162; baseline 0.004 -15"><span class='ocrx_word' id='word_1_159' title='bbox 123 1127 206 1147; x_wconf 84' lang='lat' dir='ltr'>anno</span> <span class='ocrx_word' id='word_1_160' title='bbox 229 1116 464 1158; x_wconf 81' lang='lat' dir='ltr'>opportunius,</span> <span class='ocrx_word' id='word_1_161' title='bbox 492 1125 588 1157; x_wconf 86' lang='lat' dir='ltr'>quam</span> <span class='ocrx_word' id='word_1_162' title='bbox 613 1125 650 1145; x_wconf 90' lang='lat' dir='ltr'>eo</span> <span class='ocrx_word' id='word_1_163' title='bbox 676 1125 761 1157; x_wconf 81' lang='lat' dir='ltr'>quo,</span> <span class='ocrx_word' id='word_1_164' title='bbox 783 1125 823 1145; x_wconf 77' lang='lat' dir='ltr'>ex</span> <span class='ocrx_word' id='word_1_165' title='bbox 848 1121 986 1157; x_wconf 86' lang='lat' dir='ltr'>quatuor</span> <span class='ocrx_word' id='word_1_166' title='bbox 1010 1116 1144 1158; x_wconf 81' lang='lat' dir='ltr'>palmis,</span> <span class='ocrx_word' id='word_1_167' title='bbox 1166 1117 1237 1149; x_wconf 82' lang='lat' dir='ltr'>dnae</span> <span class='ocrx_word' id='word_1_168' title='bbox 1256 1130 1271 1149; x_wconf 86' lang='lat' dir='ltr'>a</span> <span class='ocrx_word' id='word_1_169' title='bbox 1294 1120 1463 1162; x_wconf 80' lang='lat' dir='ltr'>penatibus</span> 
     </span>
     <span class='ocr_line' id='line_1_19' title="bbox 123 1167 1462 1215; baseline 0.004 -15"><span class='ocrx_word' id='word_1_170' title='bbox 123 1169 237 1200; x_wconf 86' lang='lat' dir='ltr'>nostris</span> <span class='ocrx_word' id='word_1_171' title='bbox 261 1168 300 1199; x_wconf 87' lang='lat' dir='ltr'>ad</span> <span class='ocrx_word' id='word_1_172' title='bbox 318 1168 488 1199; x_wconf 85' lang='lat' dir='ltr'>Leidenses</span> <span class='ocrx_word' id='word_1_173' title='bbox 510 1173 542 1198; x_wconf 84' lang='lat' dir='ltr'>et</span> <span class='ocrx_word' id='word_1_174' title='bbox 563 1167 784 1210; x_wconf 80' lang='lat' dir='ltr'>Groninganos</span> <span class='ocrx_word' id='word_1_175' title='bbox 805 1167 964 1200; x_wconf 87' lang='lat' dir='ltr'>abierunt.</span> <span class='ocrx_word' id='word_1_176' title='bbox 988 1169 1054 1200; x_wconf 90' lang='lat' dir='ltr'>Hac</span> <span class='ocrx_word' id='word_1_177' title='bbox 1074 1170 1184 1202; x_wconf 86' lang='lat' dir='ltr'>saltem</span> <span class='ocrx_word' id='word_1_178' title='bbox 1205 1171 1307 1203; x_wconf 86' lang='lat' dir='ltr'>laudis</span> <span class='ocrx_word' id='word_1_179' title='bbox 1327 1184 1462 1215; x_wconf 88' lang='lat' dir='ltr'>permu-</span> 
     </span>
     <span class='ocr_line' id='line_1_20' title="bbox 123 1222 1463 1266; baseline 0.005 -13"><span class='ocrx_word' id='word_1_180' title='bbox 123 1223 241 1254; x_wconf 82' lang='lat' dir='ltr'>tatione</span> <span class='ocrx_word' id='word_1_181' title='bbox 254 1246 262 1261; x_wconf 89' lang='lat'>‚</span> <span class='ocrx_word' id='word_1_182' title='bbox 289 1227 327 1253; x_wconf 88' lang='lat' dir='ltr'>ut</span> <span class='ocrx_word' id='word_1_183' title='bbox 350 1222 383 1252; x_wconf 91' lang='lat' dir='ltr'>in</span> <span class='ocrx_word' id='word_1_184' title='bbox 402 1222 542 1260; x_wconf 61' lang='lat' dir='ltr'>caeteris,</span> <span class='ocrx_word' id='word_1_185' title='bbox 565 1222 671 1253; x_wconf 81' lang='lat' dir='ltr'>minus</span> <span class='ocrx_word' id='word_1_186' title='bbox 693 1222 797 1253; x_wconf 87' lang='lat' dir='ltr'>fausta</span> <span class='ocrx_word' id='word_1_187' title='bbox 819 1222 1026 1256; x_wconf 77' lang='lat' dir='ltr'>faustioribus</span> <span class='ocrx_word' id='word_1_188' title='bbox 1047 1230 1176 1266; x_wconf 86' lang='lat' dir='ltr'>pensata</span> <span class='ocrx_word' id='word_1_189' title='bbox 1197 1231 1288 1265; x_wconf 84' lang='lat' dir='ltr'>sunt,</span> <span class='ocrx_word' id='word_1_190' title='bbox 1305 1232 1338 1257; x_wconf 86' lang='lat' dir='ltr'>et</span> <span class='ocrx_word' id='word_1_191' title='bbox 1356 1230 1463 1260; x_wconf 90' lang='lat' dir='ltr'>omni—</span> 
     </span>
     <span class='ocr_line' id='line_1_21' title="bbox 122 1276 1463 1320; baseline 0.005 -13"><span class='ocrx_word' id='word_1_192' title='bbox 122 1276 201 1315; x_wconf 88' lang='lat' dir='ltr'>bus,</span> <span class='ocrx_word' id='word_1_193' title='bbox 224 1277 280 1319; x_wconf 86' lang='lat' dir='ltr'>qui</span> <span class='ocrx_word' id='word_1_194' title='bbox 304 1287 372 1307; x_wconf 83' lang='lat' dir='ltr'>rem</span> <span class='ocrx_word' id='word_1_195' title='bbox 393 1286 501 1307; x_wconf 88' lang='lat' dir='ltr'>secum</span> <span class='ocrx_word' id='word_1_196' title='bbox 524 1281 696 1317; x_wconf 88' lang='lat' dir='ltr'>reputant,</span> <span class='ocrx_word' id='word_1_197' title='bbox 720 1276 754 1306; x_wconf 87' lang='lat' dir='ltr'>in</span> <span class='ocrx_word' id='word_1_198' title='bbox 780 1283 932 1319; x_wconf 85' lang='lat' dir='ltr'>promptu</span> <span class='ocrx_word' id='word_1_199' title='bbox 956 1277 1039 1317; x_wconf 84' lang='lat' dir='ltr'>fuit,</span> <span class='ocrx_word' id='word_1_200' title='bbox 1065 1289 1162 1320; x_wconf 88' lang='lat' dir='ltr'>quam</span> <span class='ocrx_word' id='word_1_201' title='bbox 1190 1278 1288 1310; x_wconf 86' lang='lat' dir='ltr'>alieni</span> <span class='ocrx_word' id='word_1_202' title='bbox 1314 1292 1331 1312; x_wconf 84' lang='lat' dir='ltr'>a</span> <span class='ocrx_word' id='word_1_203' title='bbox 1356 1282 1463 1314; x_wconf 87' lang='lat' dir='ltr'>studio</span> 
     </span>
     <span class='ocr_line' id='line_1_22' title="bbox 122 1329 895 1374; baseline 0 -13"><span class='ocrx_word' id='word_1_204' title='bbox 122 1331 263 1374; x_wconf 87' lang='lat' dir='ltr'>partium</span> <span class='ocrx_word' id='word_1_205' title='bbox 285 1329 406 1374; x_wconf 87' lang='lat' dir='ltr'>judices</span> <span class='ocrx_word' id='word_1_206' title='bbox 429 1329 691 1371; x_wconf 83' lang='lat' dir='ltr'>competitoribus</span> <span class='ocrx_word' id='word_1_207' title='bbox 713 1329 895 1373; x_wconf 79' lang='lat' dir='ltr'>obtigerint.</span> 
     </span>
    </p>

    <p class='ocr_par' dir='ltr' id='par_1_4' title="bbox 121 1383 1460 1859">
     <span class='ocr_line' id='line_1_23' title="bbox 165 1383 1460 1426; baseline 0.006 -12"><span class='ocrx_word' id='word_1_208' title='bbox 165 1383 260 1415; x_wconf 84' lang='lat' dir='ltr'>Haud</span> <span class='ocrx_word' id='word_1_209' title='bbox 285 1384 364 1414; x_wconf 83' lang='lat' dir='ltr'>mihi</span> <span class='ocrx_word' id='word_1_210' title='bbox 381 1384 455 1414; x_wconf 86' lang='lat' dir='ltr'>satis</span> <span class='ocrx_word' id='word_1_211' title='bbox 476 1383 579 1425; x_wconf 87' lang='lat' dir='ltr'>liquet</span> <span class='ocrx_word' id='word_1_212' title='bbox 595 1395 655 1422; x_wconf 85' lang='lat' dir='ltr'>an,</span> <span class='ocrx_word' id='word_1_213' title='bbox 677 1384 804 1426; x_wconf 87' lang='lat' dir='ltr'>quando</span> <span class='ocrx_word' id='word_1_214' title='bbox 829 1384 1014 1416; x_wconf 85' lang='lat' dir='ltr'>auditorum</span> <span class='ocrx_word' id='word_1_215' title='bbox 1038 1392 1219 1418; x_wconf 85' lang='lat' dir='ltr'>nostrorum</span> <span class='ocrx_word' id='word_1_216' title='bbox 1242 1396 1460 1422; x_wconf 84' lang='lat' dir='ltr'>memorantur</span> 
     </span>
     <span class='ocr_line' id='line_1_24' title="bbox 121 1436 1459 1484; baseline 0.005 -16"><span class='ocrx_word' id='word_1_217' title='bbox 121 1448 282 1469; x_wconf 84' lang='lat' dir='ltr'>successus</span> <span class='ocrx_word' id='word_1_218' title='bbox 302 1437 454 1475; x_wconf 86' lang='lat' dir='ltr'>literarii,</span> <span class='ocrx_word' id='word_1_219' title='bbox 477 1436 566 1467; x_wconf 88' lang='lat' dir='ltr'>etde</span> <span class='ocrx_word' id='word_1_220' title='bbox 590 1438 748 1469; x_wconf 74' lang='lat' dir='ltr'>veteranis</span> <span class='ocrx_word' id='word_1_221' title='bbox 773 1439 870 1469; x_wconf 86' lang='lat' dir='ltr'>etiam</span> <span class='ocrx_word' id='word_1_222' title='bbox 895 1440 1015 1470; x_wconf 83' lang='lat' dir='ltr'>mentio</span> <span class='ocrx_word' id='word_1_223' title='bbox 1041 1441 1101 1471; x_wconf 87' lang='lat' dir='ltr'>rite</span> <span class='ocrx_word' id='word_1_224' title='bbox 1125 1441 1195 1472; x_wconf 84' lang='lat' dir='ltr'>fieri</span> <span class='ocrx_word' id='word_1_225' title='bbox 1223 1449 1331 1484; x_wconf 81' lang='lat' dir='ltr'>queat.</span> <span class='ocrx_word' id='word_1_226' title='bbox 1361 1444 1459 1475; x_wconf 79' lang='lat' dir='ltr'>Extra</span> 
     </span>
     <span class='ocr_line' id='line_1_25' title="bbox 122 1491 1460 1540; baseline 0.004 -17"><span class='ocrx_word' id='word_1_227' title='bbox 122 1491 226 1534; x_wconf 83' lang='lat' dir='ltr'>legem</span> <span class='ocrx_word' id='word_1_228' title='bbox 251 1492 382 1522; x_wconf 81' lang='lat' dir='ltr'>forsitan</span> <span class='ocrx_word' id='word_1_229' title='bbox 405 1491 486 1522; x_wconf 86' lang='lat' dir='ltr'>illud</span> <span class='ocrx_word' id='word_1_230' title='bbox 511 1491 660 1522; x_wconf 84' lang='lat' dir='ltr'>futurum</span> <span class='ocrx_word' id='word_1_231' title='bbox 686 1497 742 1522; x_wconf 90' lang='lat' dir='ltr'>est.</span> <span class='ocrx_word' id='word_1_232' title='bbox 765 1492 915 1524; x_wconf 83' lang='lat' dir='ltr'>Attamen</span> <span class='ocrx_word' id='word_1_233' title='bbox 936 1493 1093 1524; x_wconf 86' lang='lat' dir='ltr'>abstinere</span> <span class='ocrx_word' id='word_1_234' title='bbox 1117 1495 1170 1526; x_wconf 78' lang='lat' dir='ltr'>vix</span> <span class='ocrx_word' id='word_1_235' title='bbox 1191 1506 1227 1525; x_wconf 91' lang='lat' dir='ltr'>ac</span> <span class='ocrx_word' id='word_1_236' title='bbox 1248 1507 1289 1526; x_wconf 89' lang='lat' dir='ltr'>ne</span> <span class='ocrx_word' id='word_1_237' title='bbox 1309 1497 1361 1527; x_wconf 78' lang='lat' dir='ltr'>vix</span> <span class='ocrx_word' id='word_1_238' title='bbox 1383 1498 1460 1540; x_wconf 91' lang='lat' dir='ltr'>qui-</span> 
     </span>
     <span class='ocr_line' id='line_1_26' title="bbox 124 1544 1460 1591; baseline 0.001 -16"><span class='ocrx_word' id='word_1_239' title='bbox 124 1544 196 1575; x_wconf 87' lang='lat' dir='ltr'>dem</span> <span class='ocrx_word' id='word_1_240' title='bbox 213 1556 339 1587; x_wconf 89' lang='lat' dir='ltr'>possum</span> <span class='ocrx_word' id='word_1_241' title='bbox 356 1557 373 1575; x_wconf 90' lang='lat' dir='ltr'>a</span> <span class='ocrx_word' id='word_1_242' title='bbox 393 1544 542 1576; x_wconf 80' lang='lat' dir='ltr'>laudibus</span> <span class='ocrx_word' id='word_1_243' title='bbox 567 1545 681 1576; x_wconf 85' lang='lat' dir='ltr'>medici</span> <span class='ocrx_word' id='word_1_244' title='bbox 698 1546 804 1577; x_wconf 84' lang='lat' dir='ltr'>adhuc</span> <span class='ocrx_word' id='word_1_245' title='bbox 822 1546 1027 1578; x_wconf 80' lang='lat' dir='ltr'>adolescentis</span> <span class='ocrx_word' id='word_1_246' title='bbox 1050 1548 1211 1588; x_wconf 65' lang='lat' dir='ltr'>Glfislain,</span> <span class='ocrx_word' id='word_1_247' title='bbox 1233 1550 1305 1591; x_wconf 87' lang='lat' dir='ltr'>qui,</span> <span class='ocrx_word' id='word_1_248' title='bbox 1331 1550 1460 1583; x_wconf 80' lang='lat' dir='ltr'>Amste-</span> 
     </span>
     <span class='ocr_line' id='line_1_27' title="bbox 122 1597 1458 1643; baseline 0.004 -14"><span class='ocrx_word' id='word_1_249' title='bbox 122 1597 258 1638; x_wconf 80' lang='lat' dir='ltr'>lodami,</span> <span class='ocrx_word' id='word_1_250' title='bbox 283 1599 536 1630; x_wconf 84' lang='lat' dir='ltr'>doctissimorum</span> <span class='ocrx_word' id='word_1_251' title='bbox 559 1599 700 1630; x_wconf 79' lang='lat' dir='ltr'>virorum</span> <span class='ocrx_word' id='word_1_252' title='bbox 723 1598 863 1642; x_wconf 82' lang='lat' dir='ltr'>judicio,</span> <span class='ocrx_word' id='word_1_253' title='bbox 883 1606 1013 1643; x_wconf 86' lang='lat' dir='ltr'>propter</span> <span class='ocrx_word' id='word_1_254' title='bbox 1037 1602 1259 1643; x_wconf 63' lang='lat' dir='ltr'>quaestionem,</span> <span class='ocrx_word' id='word_1_255' title='bbox 1281 1604 1338 1633; x_wconf 66' lang='lat' dir='ltr'>‚De</span> <span class='ocrx_word' id='word_1_256' title='bbox 1356 1616 1458 1636; x_wconf 77' lang='lat' dir='ltr'>sensu</span> 
     </span>
     <span class='ocr_line' id='line_1_28' title="bbox 123 1652 1457 1698; baseline 0.005 -16"><span class='ocrx_word' id='word_1_257' title='bbox 123 1653 268 1689; x_wconf 78' lang='lat' dir='ltr'>alienis,</span> <span class='ocrx_word' id='word_1_258' title='bbox 295 1652 460 1683; x_wconf 84' lang='lat' dir='ltr'>luculente</span> <span class='ocrx_word' id='word_1_259' title='bbox 478 1658 510 1683; x_wconf 90' lang='lat' dir='ltr'>et</span> <span class='ocrx_word' id='word_1_260' title='bbox 530 1652 657 1683; x_wconf 85' lang='lat' dir='ltr'>abunde</span> <span class='ocrx_word' id='word_1_261' title='bbox 672 1652 825 1693; x_wconf 79' lang='lat' dir='ltr'>solutam,</span> <span class='ocrx_word' id='word_1_262' title='bbox 847 1654 1164 1686; x_wconf 85' lang='lat' dir='ltr'>honorificentissimo</span> <span class='ocrx_word' id='word_1_263' title='bbox 1180 1657 1310 1698; x_wconf 83' lang='lat' dir='ltr'>praemio</span> <span class='ocrx_word' id='word_1_264' title='bbox 1327 1664 1457 1690; x_wconf 87' lang='lat' dir='ltr'>ornatus</span> 
     </span>
     <span class='ocr_line' id='line_1_29' title="bbox 121 1702 1458 1751; baseline 0.005 -15"><span class='ocrx_word' id='word_1_265' title='bbox 121 1702 188 1745; x_wconf 76' lang='lat' dir='ltr'>est3</span> <span class='ocrx_word' id='word_1_266' title='bbox 211 1705 250 1736; x_wconf 90' lang='lat' dir='ltr'>ad</span> <span class='ocrx_word' id='word_1_267' title='bbox 269 1706 460 1736; x_wconf 84' lang='lat' dir='ltr'>academiam</span> <span class='ocrx_word' id='word_1_268' title='bbox 485 1717 594 1738; x_wconf 71' lang='lat' dir='ltr'>revera</span> <span class='ocrx_word' id='word_1_269' title='bbox 618 1717 682 1736; x_wconf 89' lang='lat' dir='ltr'>non</span> <span class='ocrx_word' id='word_1_270' title='bbox 709 1707 846 1749; x_wconf 88' lang='lat' dir='ltr'>amplius</span> <span class='ocrx_word' id='word_1_271' title='bbox 871 1709 1031 1750; x_wconf 78' lang='lat' dir='ltr'>pertinet,</span> <span class='ocrx_word' id='word_1_272' title='bbox 1052 1708 1107 1739; x_wconf 88' lang='lat' dir='ltr'>sed</span> <span class='ocrx_word' id='word_1_273' title='bbox 1126 1709 1298 1751; x_wconf 86' lang='lat' dir='ltr'>pertinuit,</span> <span class='ocrx_word' id='word_1_274' title='bbox 1319 1722 1380 1742; x_wconf 89' lang='lat' dir='ltr'>nec</span> <span class='ocrx_word' id='word_1_275' title='bbox 1400 1723 1458 1744; x_wconf 89' lang='lat' dir='ltr'>ve-</span> 
     </span>
     <span class='ocr_line' id='line_1_30' title="bbox 121 1759 1455 1806; baseline 0.006 -17"><span class='ocrx_word' id='word_1_276' title='bbox 121 1759 193 1790; x_wconf 84' lang='lat' dir='ltr'>reor</span> <span class='ocrx_word' id='word_1_277' title='bbox 211 1770 253 1790; x_wconf 87' lang='lat' dir='ltr'>ne</span> <span class='ocrx_word' id='word_1_278' title='bbox 273 1759 379 1799; x_wconf 65' lang='lat' dir='ltr'>ullus,</span> <span class='ocrx_word' id='word_1_279' title='bbox 405 1759 601 1802; x_wconf 74' lang='lat' dir='ltr'>quigaudio</span> <span class='ocrx_word' id='word_1_280' title='bbox 626 1766 733 1791; x_wconf 81' lang='lat' dir='ltr'>nostro</span> <span class='ocrx_word' id='word_1_281' title='bbox 753 1761 887 1804; x_wconf 83' lang='lat' dir='ltr'>gaudet,</span> <span class='ocrx_word' id='word_1_282' title='bbox 908 1763 1037 1793; x_wconf 88' lang='lat' dir='ltr'>crimini</span> <span class='ocrx_word' id='word_1_283' title='bbox 1062 1774 1208 1805; x_wconf 85' lang='lat' dir='ltr'>unquam</span> <span class='ocrx_word' id='word_1_284' title='bbox 1231 1764 1310 1795; x_wconf 83' lang='lat' dir='ltr'>mihi</span> <span class='ocrx_word' id='word_1_285' title='bbox 1336 1772 1455 1806; x_wconf 86' lang='lat' dir='ltr'>vertat,</span> 
     </span>
     <span class='ocr_line' id='line_1_31' title="bbox 121 1811 1364 1859; baseline 0.006 -17"><span class='ocrx_word' id='word_1_286' title='bbox 121 1811 207 1855; x_wconf 82' lang='lat' dir='ltr'>quod</span> <span class='ocrx_word' id='word_1_287' title='bbox 220 1812 361 1855; x_wconf 82' lang='lat' dir='ltr'>&#39;gloriam</span> <span class='ocrx_word' id='word_1_288' title='bbox 380 1824 398 1844; x_wconf 93' lang='lat' dir='ltr'>e</span> <span class='ocrx_word' id='word_1_289' title='bbox 415 1813 528 1844; x_wconf 77' lang='lat' dir='ltr'>nostris</span> <span class='ocrx_word' id='word_1_290' title='bbox 547 1813 690 1845; x_wconf 88' lang='lat' dir='ltr'>fontibus</span> <span class='ocrx_word' id='word_1_291' title='bbox 710 1815 896 1855; x_wconf 77' lang='lat' dir='ltr'>oriundam,</span> <span class='ocrx_word' id='word_1_292' title='bbox 918 1827 975 1859; x_wconf 87' lang='lat' dir='ltr'>pro</span> <span class='ocrx_word' id='word_1_293' title='bbox 997 1821 1101 1847; x_wconf 80' lang='lat' dir='ltr'>nostra</span> <span class='ocrx_word' id='word_1_294' title='bbox 1124 1817 1364 1850; x_wconf 86' lang='lat' dir='ltr'>vindicaverim.</span> 
     </span>
    </p>

    <p class='ocr_par' dir='ltr' id='par_1_5' title="bbox 122 1866 1454 2021">
     <span class='ocr_line' id='line_1_32' title="bbox 161 1866 1454 1910; baseline 0.008 -15"><span class='ocrx_word' id='word_1_295' title='bbox 161 1866 211 1897; x_wconf 90' lang='lat' dir='ltr'>De</span> <span class='ocrx_word' id='word_1_296' title='bbox 232 1866 409 1906; x_wconf 84' lang='lat' dir='ltr'>Statistica-,</span> <span class='ocrx_word' id='word_1_297' title='bbox 431 1866 566 1898; x_wconf 84' lang='lat' dir='ltr'>Historia</span> <span class='ocrx_word' id='word_1_298' title='bbox 594 1867 722 1910; x_wconf 87' lang='lat' dir='ltr'>politica</span> <span class='ocrx_word' id='word_1_299' title='bbox 739 1893 747 1908; x_wconf 91' lang='lat'>‚</span> <span class='ocrx_word' id='word_1_300' title='bbox 773 1869 908 1900; x_wconf 87' lang='lat' dir='ltr'>Historia</span> <span class='ocrx_word' id='word_1_301' title='bbox 937 1870 1120 1910; x_wconf 85' lang='lat' dir='ltr'>foederum,</span> <span class='ocrx_word' id='word_1_302' title='bbox 1145 1870 1297 1903; x_wconf 88' lang='lat' dir='ltr'>lectiones</span> <span class='ocrx_word' id='word_1_303' title='bbox 1327 1874 1361 1903; x_wconf 89' lang='lat' dir='ltr'>in</span> <span class='ocrx_word' id='word_1_304' title='bbox 1385 1873 1454 1905; x_wconf 85' lang='lat' dir='ltr'>aliis</span> 
     </span>
     <span class='ocr_line' id='line_1_33' title="bbox 122 1918 1453 1967; baseline 0.006 -18"><span class='ocrx_word' id='word_1_305' title='bbox 122 1918 289 1950; x_wconf 82' lang='lat' dir='ltr'>academiis</span> <span class='ocrx_word' id='word_1_306' title='bbox 318 1920 491 1960; x_wconf 66' lang='lat' dir='ltr'>institutae,</span> <span class='ocrx_word' id='word_1_307' title='bbox 514 1925 531 1952; x_wconf 84' lang='lat' dir='ltr'>a</span> <span class='ocrx_word' id='word_1_308' title='bbox 555 1927 736 1953; x_wconf 85' lang='lat' dir='ltr'>nostrorum</span> <span class='ocrx_word' id='word_1_309' title='bbox 765 1934 829 1954; x_wconf 89' lang='lat' dir='ltr'>non</span> <span class='ocrx_word' id='word_1_310' title='bbox 853 1923 950 1955; x_wconf 91' lang='lat' dir='ltr'>nullis</span> <span class='ocrx_word' id='word_1_311' title='bbox 974 1923 1249 1966; x_wconf 83' lang='lat' dir='ltr'>efflagitabantur‚</span> <span class='ocrx_word' id='word_1_312' title='bbox 1273 1926 1350 1967; x_wconf 89' lang='lat' dir='ltr'>qui,</span> <span class='ocrx_word' id='word_1_313' title='bbox 1378 1938 1453 1958; x_wconf 90' lang='lat' dir='ltr'>cum</span> 
     </span>
     <span class='ocr_line' id='line_1_34' title="bbox 122 1968 1453 2021; baseline 0.007 -19"><span class='ocrx_word' id='word_1_314' title='bbox 122 1970 162 2002; x_wconf 85' lang='lat' dir='ltr'>ad</span> <span class='ocrx_word' id='word_1_315' title='bbox 177 1973 347 2004; x_wconf 80' lang='lat' dir='ltr'>sanctiores</span> <span class='ocrx_word' id='word_1_316' title='bbox 368 1972 627 2016; x_wconf 85' lang='lat' dir='ltr'>jurisprudentiae</span> <span class='ocrx_word' id='word_1_317' title='bbox 644 1975 824 2020; x_wconf 83' lang='lat' dir='ltr'>disciplinas</span> <span class='ocrx_word' id='word_1_318' title='bbox 844 1989 878 2009; x_wconf 88' lang='lat' dir='ltr'>se</span> <span class='ocrx_word' id='word_1_319' title='bbox 898 1968 1117 2021; x_wconf 83' lang='lat' dir='ltr'>accingerent,</span> <span class='ocrx_word' id='word_1_320' title='bbox 1142 1978 1376 2021; x_wconf 81' lang='lat' dir='ltr'>cognitionibus</span> <span class='ocrx_word' id='word_1_321' title='bbox 1391 1980 1453 2011; x_wconf 87' lang='lat' dir='ltr'>illis</span> 
     </span>
    </p>

    <p class='ocr_par' dir='ltr' id='par_1_6' title="bbox 1086 2043 1105 2062">
     <span class='ocr_line' id='line_1_35' title="bbox 1086 2043 1105 2062; baseline 0 0"><span class='ocrx_word' id='word_1_322' title='bbox 1086 2043 1105 2062; x_wconf 84' lang='lat'><em>2</em></span> 
     </span>
    </p>
   </div>
  </div>
 </body>
</html>
