1820 2568
916 203 1012 247 (8)

304 295 362 326 ubi
398 292 484 324 tanti
508 290 590 321 mali
627 298 744 320 sensus
774 287 920 318 omnium
946 285 1075 317 animos
1103 286 1153 317 ita
1186 284 1323 331 affecit,
1370 291 1407 317 ut
1434 287 1498 318 hac
1533 294 1628 320 nocte

301 357 393 378 nemo
410 354 559 376 somnum
581 347 712 383 caperet
731 340 790 383 (1).
815 339 1006 377 Postridie,
1029 340 1183 371 concione
1200 340 1338 377 habita,
1355 346 1473 382 portus
1497 351 1624 379 omnes,

302 410 365 430 uno
392 398 559 429 duntaxat
580 396 711 432 relicto,
739 400 826 425 terra
846 399 991 436 aggesta
1011 393 1182 424 occludere
1203 393 1390 425 decrevere:
1414 394 1506 425 urbis
1524 405 1627 435 prae-

301 458 390 483 terea
415 461 523 481 muros
551 459 685 484 curare,
715 447 935 488 custodesque
963 447 1149 488 imponere,
1186 452 1220 477 et
1241 453 1362 477 cuncta
1384 447 1456 478 alia
1475 459 1602 488 parare
1613 470 1624 485 ,

301 516 388 546 quae
412 503 459 533 ad
479 501 683 533 obsidionem
706 500 911 531 tolerandam
922 498 1043 542 facere
1062 505 1204 541 possent
1222 499 1280 542 (2)

343 557 422 588 Non
444 557 493 586 ita
517 555 621 585 multo
637 559 720 595 post
745 559 831 590 tota,
859 564 947 595 quae
971 553 1247 584 Atheniensibus
1265 558 1432 594 paruerat
1458 552 1624 590 Graecia,

300 609 446 650 exceptis
468 608 609 644 Samiis,
632 607 676 637 ab
696 607 739 637 iis
755 605 886 649 defecit.
909 605 1104 648 Lysander,
1127 605 1234 636 deleto
1249 606 1382 647 passim
1396 607 1518 647 populi
1526 605 1624 647 jure,

299 663 445 705 singulis
477 660 673 692 civitatibus
704 659 912 690 Harmosten
940 659 1164 700 praeposuit,
1206 665 1309 701 atque
1338 670 1355 689 e
1387 658 1559 689 sodalitiis
1580 659 1627 701 (3)

300 715 423 759 quibus
445 713 704 750 constituendis,
733 718 770 743 ut
785 723 882 743 suam
891 712 1049 754 firmaret
1062 718 1285 753 potestatem,
1313 713 1457 743 maxime
1470 711 1625 755 faverat,

300 770 410 800 decem
436 767 577 809 delegit,
608 766 732 808 quibus
755 776 920 795 summum
946 766 1121 805 imperium
1147 766 1364 795 committeret
1383 764 1441 806 (4).
1471 765 1628 807 Undique

294 827 470 862 praeterea
494 831 549 850 eos
575 818 692 860 ejecit,
719 829 803 858 quos
828 818 866 846 in
879 816 1054 856 praesidio
1081 817 1254 856 reperiret,
1283 817 1339 846 vel
1360 817 1629 848 Atheniensium

299 873 397 905 rebus
420 871 551 902 studere
577 870 824 911 suspicaretur,
860 869 971 909 iisque
987 867 1073 898 hanc
1100 868 1234 898 unicam
1257 869 1383 899 salutis
1410 869 1630 901 conditionem

298 926 458 961 indulsit,
492 929 530 954 ut
566 923 730 954 Athenas
766 921 915 957 abirent,
953 926 1065 956 ratus,
1107 926 1233 962 quanto
1270 921 1389 961 plures
1434 922 1471 952 in
1516 922 1628 953 urbem

299 978 556 1020 confluxissent,
594 986 630 1005 eo
658 975 759 1005 citius
782 984 890 1004 rerum
908 973 1175 1003 necessariarum
1197 974 1313 1014 inopia
1338 973 1560 1005 laboraturos.
1585 992 1630 1000 -—

300 1030 411 1062 Haud
430 1030 528 1070 longo
554 1028 588 1057 in
611 1027 666 1056 his
692 1030 861 1055 consumto
883 1026 1014 1064 spatio,
1050 1026 1320 1067 praemissisque
1345 1026 1629 1059 Lacedaemonem

299 1089 333 1114 et
352 1082 534 1113 Deceleam
554 1079 706 1115 nunciis,
731 1089 768 1109 se
786 1077 995 1119 adnavigare
1012 1087 1086 1107 cum
1101 1077 1245 1107 navibus
1262 1078 1433 1115 ducentis,
1453 1080 1630 1121 conjunxit

298 1147 335 1167 se
356 1136 445 1166 circa
465 1134 628 1165 Atticam
649 1138 769 1162 terram
791 1130 912 1173 Agidi
932 1136 965 1161 et
982 1130 1183 1162 Pausaniae
1205 1131 1359 1173 regibus,
1385 1132 1446 1173 qui
1466 1133 1500 1162 in
1522 1134 1629 1163 Aca·-

299 1189 409 1220 demia
427 1197 533 1228 prope
554 1185 666 1216 urbem
687 1190 799 1215 castra
812 1189 1009 1225 posuerant.
1031 1184 1091 1214 Ita
1113 1184 1348 1215 Athenienses
1368 1190 1456 1215 terra
1475 1186 1628 1227 marique

300 1241 448 1277 obsessi,
486 1240 599 1279 inopes
628 1243 724 1268 erant
753 1237 910 1269 consilii:
938 1248 1046 1279 neque
1073 1238 1160 1268 enim
1190 1248 1315 1274 naves,
1351 1249 1458 1280 neque
1492 1240 1625 1277 socios,

298 1306 406 1337 neque
436 1292 643 1336 frumentum
672 1291 861 1329 habebant,
889 1292 1080 1332 capitisque
1108 1290 1220 1330 poend
1242 1295 1404 1321 sanxerat
1430 1290 1625 1331 Lysander,

298 1359 339 1379 ne
360 1347 438 1389 quis
449 1345 660 1390 frumentum
682 1345 846 1376 Athenas
866 1345 1060 1386 importaret
1081 1343 1139 1385 (5).
1166 1343 1253 1374 Mox
1275 1348 1405 1380 tamen,
1433 1349 1471 1374 ut
1493 1355 1628 1387 quoquo

298 1400 393 1431 modo
426 1399 601 1442 fortunam
633 1409 732 1429 suam
764 1403 1013 1434 sustentarent,
1054 1395 1198 1439 infamia
1235 1401 1367 1426 notatos
1407 1396 1442 1426 in
1474 1396 1629 1428 honorem

292 1453 478 1494 pristinum
506 1452 701 1488 restituere,
736 1457 874 1493 rogante
901 1449 1097 1489 Patroclide‚
1130 1449 1299 1480 decrevere
1326 1448 1393 1491 (6),
1427 1454 1481 1486 et,
1510 1450 1627 1481 multis

298 1506 377 1537 licet
394 1504 490 1547 fame
510 1505 671 1541 mortuis,
697 1504 795 1535 nulla
816 1509 927 1535 tamen
949 1503 989 1534 de
1004 1503 1242 1544 compositione
1251 1501 1356 1543 facta
1372 1507 1425 1533 est
1443 1503 1628 1533 mentio.—

297 1559 488 1601 Postquam
515 1568 590 1588 vero
621 1568 715 1588 omne
735 1556 945 1599 frumentum
981 1555 1178 1598 defecisset,
1221 1556 1352 1598 legatos
1390 1555 1553 1586 miserunt
1582 1555 1630 1586 ad

359 1661 404 1691 (1)
421 1659 531 1689 Xenoph.
550 1661 589 1688 11,
609 1668 630 1682 2.
648 1661 672 1682 3.
693 1659 819 1686 Justiaus,
839 1658 871 1687 V,
890 1667 912 1688 7.

357 1700 403 1729 (2)
420 1698 531 1728 Xenoph.
552 1699 569 1721 l.
591 1699 610 1721 1.
629 1699 651 1728 ᾗ.
666 1699 690 1722 4.

359 1739 404 1768 (5)
420 1737 559 1769 ‘htv-mpsim.
581 1738 647 1761 Plut.
663 1745 689 1768 p.
702 1738 756 1762 440.
774 1737 830 1762 vox
845 1737 943 1768 propria
960 1737 986 1760 in
1002 1737 1047 1760 hac
1062 1745 1101 1766 τες
1121 1737 1156 1760 ita
1171 1737 1245 1761 etiam
1262 1737 1496 1769 quadringentorum
1512 1736 1570 1759 socii
1585 1743 1626 1767 per

298 1779 468 1803 excellentiam
491 1779 640 1802 vocabantur
658 1777 751 1809 2'7m'p01.
783 1778 891 1808 Thucyd.
912 1777 989 1806 VIII,
1009 1777 1050 1805 48,
1070 1777 1098 1799 65
1117 1781 1141 1799 et
1164 1784 1205 1807 92,
1226 1785 1256 1799 ex
1272 1776 1392 1800 sementia
1421 1775 1625 1806 Wyttenhaclzii,

299 1827 325 1843 v.
343 1819 374 1842 cl.
391 1819 417 1841 in
435 1819 527 1842 Annot.
546 1818 580 1841 ad
596 1819 667 1840 Eccl.
687 1819 756 1841 Hist.
775 1825 800 1848 p.
818 1818 876 1845 404,
891 1818 933 1849 qui
948 1822 972 1840 ει
987 1816 1094 1840 restituit
1112 1816 1177 1847 apud
1194 1816 1305 1846 Xenoph.
1322 1817 1360 1844 11,
1394 1816 1417 1838 3.
1432 1827 1463 1833 —
1475 1814 1538 1839 Vide
1555 1821 1625 1845 porro

300 1860 417 1890 Lysiam,
438 1858 502 1882 Ado.
521 1858 594 1881 Erat.
612 1864 637 1887 p.
657 1865 709 1887 2⁰7·

359 1898 404 1928 (4)
419 1898 492 1920 Plut.
510 1897 528 1920 l.
547 1897 565 1919 l.
585 1896 647 1926 Nep.
666 1897 727 1927 Lys.
746 1904 767 1919 1.

359 1937 403 1967 (5)
419 1938 498 1960 Isocr„
515 1936 573 1960 adv.
593 1936 683 1960 Gallim
700 1944 725 1966 p.
742 1937 794 1966 9¹4·

359 1977 404 2007 (6)
422 1976 533 2007 Xenoph.
552 1976 570 1999 Ι.
588 1975 605 1999 1.
623 1975 678 2002 τούς
695 1974 792 2006 ι’Ἶίμονς
810 1974 933 2006 ἐπιἿίμονς
954 1975 1107 2004 rotho-arona.
1129 1975 1225 2000 Audon.
1241 1974 1271 1998 de
1290 1978 1361 2005 myst.
1381 1981 1405 2004 p.
1425 1973 1463 1997 55.
1485 1972 1559 2003 (vol.
1580 1972 1623 2001 IV,

302 2017 370 2041 Orat.
392 2017 481 2041 Graec.
499 2016 538 2040 ed.
555 2015 667 2046 Reiskii)
687 2015 729 2046 qui
746 2015 832 2045 plenus
850 2020 885 2040 eet
902 2016 928 2040 in
946 2016 991 2040 hac
1007 2023 1041 2040 re.
