1763 2511
787 165 926 208 (¹47)

188 255 278 288 posse
301 242 526 281 determinari,
547 239 608 272 nisi
628 239 681 271 illa
699 238 751 270 lex
772 243 805 269 et
825 238 859 269 in
888 237 993 269 omnia
1018 238 1131 270 delicta
1154 244 1187 270 et
1208 240 1243 270 in
1271 250 1380 271 omnes
1404 240 1520 283 proba-

187 300 289 330 tiones
314 303 347 329 et
371 298 405 328 in
432 307 560 328 omnem
582 294 805 338 probationum
832 298 954 334 partem
984 303 1017 323 se
1045 292 1220 333 extendat3
1243 293 1400 336 siquidem
1427 294 1518 326 aliter

188 352 242 383 illa
266 362 338 394 pars
361 362 432 393 quae
453 349 577 393 legibus
601 359 665 378 non
689 347 750 377 erit
775 346 1007 387 determinata,
1033 346 1147 390 judicis
1174 347 1303 379 arbitrio
1333 349 1395 379 erit
1420 349 1520 380 relin—

186 405 313 448 quenda
326 428 334 444 ,
361 410 393 435 et
412 405 455 434 ita
469 427 477 443 ,
502 401 608 443 aliqua
631 399 824 443 judiciorum
848 407 937 443 parte
960 400 1075 444 judicis
1096 400 1226 432 arbitrio
1242 401 1369 441 relicta,
1389 402 1518 434 illorum

190 458 353 501 iniquitati
368 456 417 489 vel
431 453 598 496 imperitiae
617 453 667 485 via
693 454 811 485 iterum
831 454 963 497 patebit.
985 455 1083 498 Atqui
1105 455 1239 498 probare
1260 456 1346 495 volo,
1368 456 1463 488 talem
1480 457 1523 488 le-

188 524 260 556 gem
288 511 351 554 qna
374 507 532 540 certitudo
557 506 693 552 alicujus
713 508 790 539 facti
810 509 861 540 vel
881 509 992 540 idonea
1015 509 1208 551 probationis
1228 509 1364 553 alicujus
1386 510 1520 553 qualitas

186 567 219 596 in
233 570 429 596 antecessum
445 561 699 601 determinetur,
722 573 787 592 non
812 562 914 593 solum
936 574 1001 593 non
1022 563 1057 593 iu
1078 563 1183 594 omnia
1205 562 1338 603 delicta,
1359 563 1414 595 sed
1432 575 1473 595 ne
1486 564 1519 595 in

187 616 348 660 singulare
372 615 500 659 quidem
524 615 694 655 delictum,
710 626 775 646 non
796 615 898 646 solum
919 627 984 646 non
1001 616 1034 646 in
1052 627 1147 646 omne
1161 616 1384 657 probationum
1401 628 1518 660 gemm,

183 670 239 702 sed
254 681 381 713 prorsus
397 671 431 700 in
447 668 588 708 nullam,
610 680 674 700 non
690 669 792 701 solum
811 670 845 700 in
866 669 989 701 nullam
1011 668 1230 712 probationem
1243 693 1251 709 ,
1273 671 1328 701 sed
1344 672 1377 701 in
1394 671 1518 702 nullam

182 724 376 767 probationis
400 728 523 765 partem
548 722 687 764 generali
712 721 805 752 modo
830 733 920 764 posse
946 723 1059 753 statui:
1083 733 1147 764 quo
1170 723 1321 765 probato,
1343 723 1517 756 dicendum

184 779 252 808 fore
269 777 431 815 existimo,
454 775 678 818 probationum
699 775 852 817 legalium
873 781 1006 817 systema
1028 787 1044 806 a
1064 775 1189 818 judiciis
1206 787 1334 818 prorsus
1354 788 1420 808 esse
1440 777 1518 822 reji-

183 831 345 863 ciendum.

227 884 324 924 Quod
339 889 446 914 autem
459 893 566 925 neque
579 882 724 913 omnium
742 881 931 913 delictorum
947 893 1054 925 neque
1074 882 1242 925 singularis
1258 883 1393 928 alicujus
1408 884 1516 917 delicti

182 938 326 982 probatio
353 937 493 980 generali
519 937 610 968 modo
633 938 666 967 in
691 942 888 967 antecessum
916 936 1012 979 possit
1038 936 1263 977 determinari,
1286 938 1341 970 vix
1365 944 1412 969 est
1432 939 1518 982 quod

182 992 420 1024 confirmatione
442 996 543 1034 egeat.
564 990 644 1022 Nam
664 1002 729 1022 non
747 991 850 1022 solum
869 991 975 1022 omnia
1003 991 1115 1022 delicta
1139 991 1295 1023 diversam
1322 992 1516 1035 probationis

180 1058 338 1079 summam
359 1046 515 1085 offerunt,
536 1045 592 1076 sed
613 1046 709 1076 etiam
729 1046 763 1076 in
790 1057 855 1076 uuo
878 1045 1055 1087 eodemque
1077 1045 1192 1076 delicto
1212 1057 1270 1088 pro
1295 1047 1389 1079 variis
1416 1048 1517 1079 causis

182 1101 324 1133 variatur
341 1099 501 1143 probatio,
521 1100 564 1130 ita
580 1105 634 1139 ut,
656 1099 779 1130 etiamsi
800 1110 909 1130 omnes
928 1111 1016 1130 casus
1037 1100 1211 1142 praeteritos
1225 1111 1329 1142 posses
1350 1100 1517 1143 colligere,

179 1160 288 1185 tamen
318 1165 406 1185 casus
434 1154 633 1184 insecuturos
660 1153 732 1196 lege
762 1159 815 1185 tua
846 1153 1014 1196 complecti
1041 1165 1104 1185 non
1134 1165 1248 1197 posses.
1278 1155 1392 1198 Neque
1415 1157 1515 1199 magis

181 1219 289 1239 omnes
316 1207 539 1251 probationum
566 1207 685 1250 species
714 1214 845 1250 possunt
871 1207 1060 1250 praevideri3
1082 1219 1155 1238 nam
1170 1232 1178 1247 ,
1200 1219 1241 1239 ne
1262 1208 1301 1239 de
1324 1209 1513 1240 testimoniis

178 1262 311 1304 loquar,
332 1261 523 1292 indiciorum
544 1267 629 1292 certe
652 1262 776 1292 infinita
800 1262 894 1293 datur
922 1263 1067 1294 varietas.
1094 1262 1223 1306 Adjeci,
1249 1273 1291 1293 ne
1316 1263 1512 1306 singularem

179 1315 309 1358 quidem
333 1314 551 1357 probationem
580 1314 632 1345 vel
661 1314 855 1356 singularem
886 1314 1080 1357 probationis
1104 1322 1228 1359 partem
1253 1317 1394 1359 generali
1421 1317 1514 1349 modo

177 1380 266 1412 posse
280 1368 495 1399 determinari.
514 1367 613 1407 Nam,
630 1379 752 1410 quaeso,
769 1380 916 1411 quaenam
932 1368 1001 1412 ejus
1016 1380 1088 1412 pars
1104 1370 1146 1400 ita
1162 1375 1266 1412 posset
1283 1369 1518 1402 determinari?

179 1433 220 1452 an
232 1421 374 1464 species?
391 1421 444 1452 sed
463 1420 541 1463 quid
554 1420 712 1463 legislator
727 1421 766 1452 de
784 1422 1009 1464 probationum
1025 1423 1129 1465 specie
1146 1429 1316 1463 statueret,
1329 1425 1389 1455 nisi
1406 1425 1512 1456 omnia

178 1474 299 1514 media,
320 1473 437 1516 quibus
457 1474 536 1504 ratio
557 1472 777 1516 probationem
796 1474 936 1517 aliquam
957 1475 1037 1506 effici
1063 1487 1152 1518 posse
1173 1477 1328 1516 ostendit,
1349 1489 1407 1519 pro
1426 1479 1513 1510 varia

178 1528 368 1559 delictorum
393 1533 508 1559 natura
533 1538 599 1558 esse
625 1527 823 1567 adhibenda,
845 1527 908 1570 qua
941 1533 1048 1559 tamen
1075 1528 1166 1572 lege,
1196 1530 1231 1560 ni
1258 1529 1372 1570 fallor,
1397 1530 1512 1574 judicis

176 1581 344 1613 arbitrium
374 1593 489 1624 parum
516 1581 600 1612 foret
627 1582 818 1613 restrictum.
851 1581 980 1613 Vanum
1009 1588 1042 1613 et
1062 1582 1134 1615 leve
1157 1582 1239 1614 illud
1263 1589 1329 1624 est,
1356 1584 1442 1627 quod
1467 1586 1512 1615 ait

179 1634 327 1666 Cremani
342 1634 397 1676 (C.
417 1635 457 1665 18
468 1658 476 1674 ,
495 1634 510 1676 §
528 1635 585 1675 15,
600 1635 660 1677 16)
675 1636 919 1678 sapientissimos
932 1636 1125 1679 populorum
1143 1637 1354 1669 moderatores
1366 1649 1404 1669 ex
1417 1640 1510 1670 variis

176 1687 399 1731 probationum
424 1688 594 1730 generibus
616 1689 788 1732 quemdam
813 1690 914 1721 veluti
940 1690 1101 1721 delectum
1124 1690 1234 1722 fecisse
1258 1697 1290 1722 et
1310 1691 1414 1722 nullas
1434 1692 1509 1723 alias
1530 1701 1534 1704 ’

176 1741 335 1773 admisisse
362 1753 457 1785 quam
484 1743 678 1782 testimonia,
709 1743 848 1783 tabulas,
873 1743 1064 1775 documenta
1086 1749 1118 1775 et
1144 1744 1271 1775 indicia.
1297 1745 1378 1776 Nam
1399 1746 1424 1776 si
1444 1745 1510 1776 huc

177 1806 306 1827 reorum
328 1795 556 1827 confessionem
579 1796 689 1836 addas,
711 1808 808 1839 quam
826 1809 891 1828 non
913 1797 1007 1829 modo
1030 1804 1182 1840 tanquam
1207 1798 1427 1841 probationem
1453 1798 1508 1829 sed

177 1854 330 1891 tanquam
356 1848 579 1892 probationum
598 1852 741 1893 reginam
763 1851 906 1883 adhiberi
928 1852 1121 1892 voluerunt,
1142 1852 1220 1895 quid
1247 1858 1294 1884 est
1315 1852 1399 1884 ultra
1421 1852 1507 1883 unde

177 1901 297 1933 factum
318 1902 445 1945 aliquod
465 1903 644 1946 probetur?
659 1904 691 1935 Si
706 1906 814 1948 itaque
838 1906 943 1937 nullas
963 1906 1039 1937 alias
1059 1905 1258 1949 probationes
1287 1905 1502 1944 admiserunt,

183 1956 262 1986 ratio
277 1962 339 1996 est,
355 1957 438 1999 quod
454 1957 543 1988 nulla
563 1957 623 1989 alia
643 1960 808 1998 existeret,
825 1965 857 1991 et
870 1960 896 1990 si
911 1971 974 2002 qua
994 1959 1053 1991 alia
1078 1959 1265 1999 exstitisset,
1286 1959 1381 1990 etiam
1396 1957 1508 1989 fuisset
