1820 2568
790 215 908 260 (ει)

189 334 1516 355 ffissz

725 434 888 468 CAPUT
909 412 911 415 ’
932 435 977 466 11.

190 560 474 585 LACEDAEMONIORUM
495 561 528 580 IN
551 558 680 580 EXSULES
702 557 872 579 SEVERITAS.
888 565 932 572 -
946 557 1155 579 THRASYBULUS
1177 558 1291 579 PIIYLEN
1315 556 1460 579 occUPA'r.
1475 563 1518 571 -

277 625 394 646 VIRIBUS
416 623 530 645 AUCTUS
553 621 684 644 SECUNDA
705 622 845 644 FORTUNA
867 622 1017 645 ADVERSUS
1040 623 1110 644 XXX.
1132 622 1222 645 VIROS
1245 621 1365 643 PUGNAT
1386 628 1430 636 ·—-

520 687 742 709 ELEUSINIORUM
764 688 802 708 ET
823 686 1053 709 SALAMINIORUM
1076 686 1183 708 CAEDES.

236 909 326 940 Licet
344 907 491 941 viderent
511 905 766 946 Lacedaemonii,
790 906 920 949 triginta
944 911 1111 949 tyrannos,
1137 917 1154 937 a
1176 917 1209 937 se
1229 907 1427 949 praepositos,
1455 915 1523 936 ser-

193 963 298 995 vitute
318 972 480 1005 oppressas
502 967 612 992 tenere
632 959 788 999 Athenas,
810 959 965 1002 plurimos
986 960 1071 993 cives
1090 960 1207 1003 partim
1226 959 1328 1002 patria
1345 959 1522 1002 expellere,

192 1016 310 1059 partim
330 1016 525 1054 interficere,
547 1014 763 1057 plurimorum
783 1012 866 1043 bona
884 1012 1048 1054 publicata>
1067 1013 1151 1043 inter
1168 1023 1201 1043 se
1219 1012 1378 1052 dividere,
1399 1013 1434 1043 in
1448 1013 1523 1045 sinu

193 1075 301 1100 tamen
322 1067 523 1110 gaudebant,
550 1067 624 1109 quia
645 1075 824 1107 numquam
844 1064 966 1107 aliquid
990 1065 1109 1097 virium
1134 1064 1344 1096 Athenienses
1373 1065 1523 1108 colligere

194 1120 343 1154 volebant
357 1119 415 1162 (1).
444 1119 491 1151 Ut
508 1120 608 1162 igitur
626 1124 776 1161 tyrannos
794 1117 916 1149 viribus
934 1123 967 1149 et
980 1123 1102 1149 terrore
1118 1117 1331 1161 adaugerent,
1352 1117 1525 1150 ultimum—

193 1185 276 1217 que,
307 1173 393 1217 quod
418 1178 604 1216 supererat,
630 1171 788 1204 auxilium
808 1172 931 1203 miseris
958 1172 1121 1214 eriperent
1149 1171 1332 1212 exsulibus,
1358 1171 1529 1204 decretum-

192 1227 372 1265 sciverunt,
393 1237 459 1269 quo
478 1226 624 1269 quinque
644 1224 838 1257 talentorum
855 1224 1056 1257 statuebatur
1071 1235 1167 1268 poena
1187 1225 1221 1256 in
1240 1236 1308 1264 eos,
1332 1226 1388 1268 qui
1409 1225 1530 1268 profu-—

193 1291 247 1324 gos
269 1291 310 1311 ex
329 1279 416 1311 omni
431 1279 554 1310 Graecia
572 1290 638 1310 non
660 1278 700 1310 ad
715 1278 816 1309 XXX
831 1278 914 1310 viros
931 1278 1106 1310 duxissent.
1128 1278 1190 1309 Pro
1208 1277 1351 1310 hostibus
1371 1285 1525 1321 praeterea

190 1333 353 1366 habendos
377 1344 443 1365 esse
466 1332 656 1373 edixerunt,
683 1332 743 1375 qui·
759 1330 952 1364 ducentibus
972 1331 1133 1363 obstarent
1153 1331 1212 1374 (2).
1243 1331 1363 1363 Omnes
1383 1331 1524 1375 denique

194 1387 338 1420 civitates
353 1386 478 1418 exsules
493 1386 636 1429 recipere
655 1391 830 1419 vetuerunt
844 1385 903 1429 (3).
930 1385 1014 1417 Huic
1032 1385 1159 1417 decreto
1176 1385 1362 1417 Graecorum
1378 1385 1529 1429 plerique—

191 1441 268 1474 licet
287 1441 456 1485 paruerint
465 1462 484 1481 ,⁴
499 1451 569 1472 non·
590 1445 698 1472 tamen
726 1439 859 1471 defflere
882 1439 1046 1480 civitates,
1078 1450 1150 1482 quae
1173 1438 1299 1471 exsules
1323 1439 1524 1482 reciperent,

195 1507 269 1527 cum
287 1500 379 1526 metu
398 1494 530 1525 forsitan
550 1493 669 1534 ductae,
691 1504 733 1524 ne
752 1492 1067 1525 Lacedaemoniorum
1084 1493 1180 1525 nimis
1198 1498 1353 1524 cresceret
1368 1492 1527 1536 potentia,

195 1553 266 1579 tum
288 1549 444 1587 maxime,
468 1548 542 1590 quia
563 1553 629 1579 tam
651 1547 796 1579 crudeles
822 1558 911 1579 casus
934 1546 1189 1587 miserabantur;
1221 1546 1262 1577 in»
1281 1545 1398 1589 quibus
1418 1544 1527 1577 excel-

196 1600 330 1632 luerunt
348 1601 504 1643 imprimis
532 1601 633 1644 Argos
655 1606 688 1631 et
705 1600 834 1631 Thebae.
861 1600 973 1643 Argivi
993 1600 1057 1644 jam
1077 1601 1154 1632 olim
1180 1611 1256 1631 cum
1278 1598 1526 1632 Atheniensibus

196 1654 334 1686 amicitia
355 1660 445 1685 erant
465 1653 629 1697 conjuncti
645 1653 707 1696 (4),
730 1665 747 1685 a
768 1665 832 1697 qua
849 1665 891 1685 ne
912 1654 973 1685 hac
994 1653 1125 1697 quidem
1146 1659 1290 1696 tempore
1314 1658 1524 1684 recesserunt.

195 1707 268 1738 Non
283 1713 408 1738 tantum
425 1707 510 1738 enim
526 1706 628 1750 patria
639 1706 755 1750 ejectos
770 1718 895 1739 summo
909 1708 1118 1740 humanitatis
1132 1707 1237 1739 studio
1255 1712 1452 1750 exceperunt
1462 1705 1532 1749 (5),

197 1760 252 1792 sed
276 1760 488 1793 decreverunt
508 1761 620 1800 etiam,
644 1772 721 1795 cum
739 1761 968 1804 Spartanorum
992 1761 1089 1805 legati
1113 1760 1238 1792 exsules
1262 1760 1384 1803 aliquot
1405 1759 1464 1791 sibi
1485 1758 1526 1790 ab

257 1879 289 1908 (ι)
306 1878 384 1901 Diod.
405 1877 477 1907 x1v,
496 1878 519 1901 6.

256 1918 289 1948 (2)
305 1918 377 1941 Plut.
393 1917 420 1941 in
435 1918 496 1948 Lys.
513 1925 537 1948 p.
556 1918 616 1948 448,
632 1918 661 1941 E.
678 1920 757 1942 Diod.
775 1920 794 1943 n
808 1919 826 1943 l.
842 1921 970 1947 Iustinus,
989 1919 1021 1949 V,
1040 1927 1064 1950 9.

257 1958 290 1988 (5)
305 1958 452 1982 Dinarchus
471 1958 526 1981 adv.
542 1958 689 1986 Demosllc„
704 1967 728 1989 p.
745 1959 787 1990 95,
806 1959 845 1982 ed.
863 1959 961 1984 Wolfii.
982 1959 1107 1989 Iustinus,
1124 1958 1143 1982 l}
1164 1958 1191 1982 la>

256 1997 289 2027 (4)
306 1997 454 2028 AEschylus‚
472 1997 499 2020 in
514 1998 666 2027 Eumenid.,
688 2006 725 2023 vs.
746 1999 804 2030 769,
822 2006 888 2031 seqq,

257 2036 290 2067 (5)
306 2037 386 2061 Diod.
402 2037 421 2061 1.
436 2037 455 2061 l.
473 2038 604 2068 Justiaus,
617 2038 669 2061 1..1.
