1820 2568
902 217 1018 261 (¹4)

829 436 1004 468 CAPUT
1055 438 1094 468 Il.

298 547 452 569 TYRANNOS
468 545 563 566 AGERE
578 544 739 565 chPmNT.
753 549 796 555 ——-
807 542 912 562 ClvuJM
929 540 1119 566 QUORUMDAM
1133 540 1296 561 PROBORUM
1312 540 1418 560 CAEDES.
1432 547 1474 554 —-
1487 540 1627 562 SOCRATJS

387 619 584 642 CONSTAN'HA.
609 626 651 631 -·
674 617 738 638 XXX
762 615 840 636 vinis
865 615 925 635 CUM
949 613 1124 634 THERAMENE
1148 613 1292 634 SIMULTAS
1316 614 1501 634 INTERCEDIT.

297 820 477 877 TmolN'rA
504 849 612 874 autem
640 842 700 873 viri
728 851 802 870 mox
833 837 1012 870 consultare
1038 838 1249 879 inceperunt,
1282 837 1440 880 quomodo
1467 839 1629 870 civitatem

298 911 354 942 pro
381 898 488 929 lubitu
510 907 568 927 suo
591 899 757 937 regerent,
787 891 911 934 sibique
936 891 1066 922 omnino
1090 889 1123 920 id
1147 890 1309 932 agendum
1335 901 1401 921 esse
1427 890 1628 931 statuebant,

298 959 335 983 nt
361 952 486 983 aditum
510 949 550 980 ad
575 946 777 991 tyrannidem
806 957 904 988 quam
929 944 1106 975 firmissime
1135 943 1194 974 sibi
1222 945 1397 976 munirent.
1444 944 1526 976 Cum
1554 956 1628 977 vero

297 1007 535 1049 perspicerent,
571 1013 602 1033 se
631 1003 699 1032 sine
733 1000 828 1030 armis
854 999 971 1029 exteris
1001 997 1101 1028 caedes
1131 1003 1257 1039 patrare
1284 1009 1348 1028 non
1379 1009 1485 1040 posse,
1521 1009 1630 1029 omnes

298 1060 384 1090 enim
409 1057 542 1087 salutem
570 1063 775 1084 communem
801 1051 955 1082 tuendam
982 1050 1107 1082 obviam
1129 1050 1249 1090 ituros;
1281 1051 1462 1082 AEschinem
1487 1058 1519 1082 et
1542 1053 1631 1083 Aris-

299 1111 445 1149 totelem,
484 1107 618 1150 collegas
645 1117 732 1145 suos,
758 1104 1019 1136 Lacedaemonem
1050 1104 1228 1142 miserunt,
1258 1104 1313 1146 qui
1336 1115 1352 1134 a
1384 1103 1630 1136 Lacedaemoniis

300 1163 483 1207 praesidium
511 1165 710 1204 quaererent,
740 1170 803 1200 quo
833 1157 949 1188 melius
973 1156 1207 1199 rempublicam
1231 1157 1268 1187 iis
1297 1156 1411 1187 utilem
1437 1157 1630 1197 redderent,

300 1215 515 1259 improbisque
540 1225 557 1244 e
581 1212 687 1244 medio
712 1211 843 1243 sublatis
866 1209 1004 1249 civibus,
1030 1208 1261 1251 rempublicam
1282 1211 1523 1242 constituerent.
1546 1210 1631 1249 Qui-

300 1271 359 1301 bus
387 1268 503 1300 auditis
527 1265 705 1310 Lysander,
732 1264 826 1296 facile
854 1264 915 1295 illis
937 1275 1058 1295 morem
1081 1274 1214 1306 gerens,
1247 1263 1280 1295 id
1303 1263 1428 1303 effecit,
1460 1269 1497 1295 ut
1521 1265 1631 1307 praesi-

301 1324 391 1355 dium
414 1322 688 1364 septingentorum
713 1317 872 1358 militum,
903 1317 985 1348 duce
1011 1316 1164 1355 CallibiO,
1195 1317 1377 1347 mitteretur
1399 1316 1456 1358 (1).
1492 1318 1631 1360 Accepto

301 1375 460 1419 praesitlio,
476 1374 664 1404 Harmosten
687 1370 888 1408 muneribus,
904 1369 1081 1408 blanditiis,
1107 1370 1261 1411 omnique
1281 1369 1372 1400 cultu
1394 1369 1630 1411 demulserunt,

302 1436 353 1468 ut,
376 1438 579 1471 quaecunque
602 1426 759 1463 facerent,
779 1423 924 1455 laudaret
943 1423 1000 1465 (2).
1025 1421 1125 1465 Cujus
1146 1422 1277 1465 quidem
1302 1423 1347 1453 rei
1365 1423 1489 1466 insigne
1514 1423 1630 1454 dedere

302 1483 533 1512 documentum
558 1479 705 1521 Autolyci
728 1488 818 1508 nece.
845 1477 904 1507 Hic
925 1477 1009 1507 enim
1032 1476 1127 1506 faceti
1152 1476 1273 1518 ingenii
1296 1476 1430 1516 athleta,
1455 1488 1529 1508 cum
1560 1489 1630 1507 ora—

302 1536 395 1566 tionis
419 1534 564 1564 libertate
590 1532 778 1574 praesectum
801 1530 997 1568 offendisset,
1029 1530 1062 1560 in
1083 1540 1120 1560 eo
1141 1535 1224 1568 erat,
1247 1535 1285 1560 ut
1310 1528 1350 1560 ab
1373 1529 1434 1560 hoc
1456 1529 1631 1562 caederetur

301 1587 432 1626 baculo·,
460 1585 546 1628 quod
567 1595 641 1616 vero
662 1595 737 1614 cum
760 1583 844 1613 ferre
866 1594 929 1613 non
952 1588 1054 1624 posset
1075 1583 1186 1621 homo,
1212 1581 1365 1613 libertatis
1384 1593 1508 1620 amans,
1534 1582 1631 1612 Calli·
1659 1573 1664 1577 .

304 1642 392 1672 bium
419 1638 565 1670 cruribus
587 1636 748 1668 sublatum
772 1635 941 1678 prostravit
962 1635 995 1665 in
1017 1641 1146 1665 terram.
1173 1633 1273 1677 Cujus
1302 1635 1431 1677 quidem
1458 1635 1534 1666 facti
1556 1646 1631 1677 ergo

304 1693 399 1735 paulo
415 1697 483 1734 post
500 1691 533 1721 in
552 1689 675 1721 Callibii
693 1689 825 1732 gratiam
847 1688 1041 1731 Autolycum
1063 1687 1297 1719 interfecerunt
1318 1688 1374 1730 (3).
1397 1688 1455 1719 Illo
1472 1689 1571 1730 igitur
1591 1699 1630 1718 ex

305 1745 458 1787 acropoli,
478 1755 575 1786 qnam
589 1742 741 1773 tenebant
760 1741 991 1773 Lacedaemonii
1002 1742 1067 1782 (4),
1089 1741 1229 1772 militum
1246 1747 1404 1784 quotquot
1419 1741 1538 1773 vellent
1556 1752 1630 1771 cum

305 1801 378 1842 ipsis
401 1799 563 1835 mittente,
587 1807 649 1826 non
672 1795 735 1839 jam
755 1795 914 1838 improbos
936 1800 968 1825 et
987 1805 1092 1837 parvae
1117 1794 1355 1826 existimationis
1375 1794 1519 1825 homines
1542 1806 1631 1825 com-

365 1910 397 1939 (ι)
418 1908 527 1938 Xeuoplz.
545 1908 562 1930 1.
579 1908 595 1929 l.
613 1908 625 1936 §
642 1908 675 1929 13.
698 1908 775 1929 Diod.
791 1908 807 1930 l.
822 1916 842 1930 c.
859 1908 928 1930 Plut.
945 1908 969 1930 in
983 1909 1043 1938 Lys.
1061 1916 1084 1939 p.
1101 1908 1152 1931 441·
1170 1908 1294 1935 Iustinus,
1317 1908 1347 1936 V,
1365 1918 1386 1938 ⁴)-

367 1950 399 1978 (2)
419 1948 527 1977 Xermplz.
547 1948 564 1969 1.
581 1948 597 1969 1.
619 1947 631 1976 §
650 1953 684 1974 14.
704 1948 782 1969 Diod.
799 1949 815 1970 Ι.
835 1949 851 1970 Ι.

367 1990 399 2018 (5)
417 1989 486 2010 Plut.
504 1996 529 2017 p.
547 1988 601 2014 442,
622 1987 699 2009 Diod.
719 1987 787 2014 XlV¹
809 1995 829 2009 c.
849 1988 870 2009 5.

366 2029 398 2058 (4)
416 2029 518 2058 Lysias,
537 2032 620 2050 contra
637 2028 786 2057 Agoratum,
809 2035 832 2056 p.
851 2028 902 2049 248.
