1763 2511
840 214 960 258 (72)

243 295 352 326 culum
377 293 452 323 facit
478 292 662 322 Graecorum
684 289 827 320 studium
854 287 1080 331 pulchrarum,
1106 294 1143 320 ut
1165 288 1334 328 dicuntur,
1366 291 1499 331 artium,
1532 298 1568 324 ut

239 349 398 378 Romanus
422 345 558 389 judicat,
584 343 694 375 saltem
713 342 855 387 judicare
872 353 904 373 se
927 343 1018 385 fingit
1040 342 1164 382 Cicero,
1187 343 1208 373 i.
1232 354 1260 374 e.
1285 349 1321 374 ut
1341 343 1435 374 homo
1453 355 1565 377 earum

238 412 345 432 rerum
374 399 440 429 sere
469 398 563 441 plane
590 396 688 428 rudis.
719 396 860 427 Fortasse
885 395 1055 438 aliquando
1080 396 1167 439 apud
1195 396 1321 428 Graecos
1340 397 1478 429 nimium
1503 399 1567 430 fuit

239 455 298 485 hoc
315 453 474 491 studium,
495 453 603 494 itaque
624 450 826 493 aliquatenus
846 449 983 483 levitatis
997 456 1073 482 sunt
1089 450 1277 491 accusandi3
1295 452 1443 484 universe
1459 457 1567 484 autem

238 507 368 538 minime
392 504 542 548 culpandi
565 504 725 536 videntur.

282 560 431 591 Vidimus
451 570 544 602 porro
570 558 756 588 Ciceronem
778 568 843 587 non
867 568 937 587 raro
966 557 1110 588 instituta
1132 557 1318 588 Graecorum
1344 563 1566 596 contemnere,

240 615 294 646 ubi
322 625 386 644 nou
413 611 644 643 contemnenda
667 610 836 650 videntur,
867 621 1044 653 eorumque
1074 610 1159 653 leges
1186 611 1389 653 vituperare,
1422 611 1568 653 quamvis

239 678 472 710 nonnunquam
492 665 638 696 meliores
658 665 720 695 sint
741 664 906 695 Romanis:
932 675 1045 696 verum
1065 664 1134 695 haec
1152 664 1258 695 omnia
1276 665 1386 705 patriae
1404 669 1436 694 et
1457 675 1566 695 rerum

238 723 414 765 patriarum
434 730 540 751 amore
564 719 698 750 ductum
719 718 829 748 fecisse
849 728 925 747 eum
944 723 1075 747 constat.
1099 718 1188 759 Saepe
1210 723 1318 747 tamen
1340 717 1436 748 etiam
1454 728 1567 749 verum

241 788 300 807 nec
323 787 387 806 non
409 774 499 806 valde
521 773 733 803 honorificum
755 771 794 800 de
813 770 1000 801 Graecorum
1021 770 1174 799 institutis
1198 768 1274 799 tulit
1295 767 1463 811 judicium.

284 828 380 859 Nulla
401 832 509 857 antem
530 826 565 855 in
584 835 618 854 re
636 822 858 855 vehementius
881 832 1000 852 errasse
1021 820 1164 861 videtur,
1187 832 1283 864 quam
1302 821 1337 852 in
1358 822 1569 864 comparanda

238 883 350 914 Latina
369 891 444 911 cum
467 879 577 909 Graeca
599 877 720 919 lingua.
739 875 799 906 Hic
821 875 930 918 patriae
949 886 1038 905 amor
1059 885 1200 914 coecum,
1224 880 1262 905 ut
1282 874 1343 906 hoc
1365 873 1462 907 verbo
1479 880 1570 915 utar,

240 934 378 967 reddidit
399 933 604 970 Ciceronem,
627 931 671 961 ita
691 935 728 961 ut
750 933 950 971 repugnante
979 938 1052 958 sana
1074 928 1196 958 ratione
1222 927 1291 958 fere
1322 927 1470 959 omnibus
1494 928 1569 960 locis

238 991 326 1022 illam
354 988 431 1019 huic
452 985 678 1028 anteposuerit.

283 1044 434 1085 Superest
445 1064 454 1080 ,
473 1046 510 1071 ut
524 1038 653 1070 tandem
671 1037 829 1075 dicamus,
844 1035 1030 1066 Ciceronem
1046 1034 1231 1066 Graecorum
1242 1058 1251 1074 ,
1275 1039 1422 1067 veterum
1440 1033 1570 1066 illorum

240 1095 429 1140 praesertim,
453 1092 549 1124 fuisse
574 1090 853 1129 studiosissimum,
876 1099 1017 1131 eumque
1042 1087 1172 1119 fortasse
1192 1087 1286 1131 plura
1310 1088 1344 1119 in
1365 1099 1478 1120 eorum
1497 1088 1571 1119 lau-

240 1150 314 1181 dem
339 1148 533 1190 scripturum
554 1150 611 1176 aut
632 1144 795 1176 dicturum
820 1143 934 1182 fuisse,
959 1142 1020 1173 nisi
1042 1141 1191 1173 Romanis
1212 1142 1396 1175 hominibus
1421 1143 1569 1175 universe

240 1209 306 1236 tam
329 1212 484 1244 maguum
509 1199 694 1232 Graecarum
714 1208 824 1231 rerum
842 1197 974 1228 insitum
995 1195 1107 1227 fuisset
1126 1194 1247 1227 odium.

1106 1280 1300 1314 CANDIDE.

699 1605 1116 1630 -μ--ῧοθοςῖ-
