1763 2511
858 165 975 208 (44)

251 248 349 293 judex
364 235 681 287 abipso'sciscitatur,
701 251 790 271 secus
805 239 979 280 accipiens,
1002 237 1185 269 affirmando
1196 238 1380 281 respondet,
1402 249 1501 281 quum
1518 251 1577 270 ne-

253 312 343 344 gare,
368 298 419 331 vel
440 297 600 341 negando,
632 307 732 338 quum
757 293 911 324 affirmare
935 291 1080 330 deberet3
1107 291 1157 323 vel
1183 292 1208 322 si
1234 291 1372 333 denique
1395 291 1579 333 simpliciter

251 354 385 385 affirmat
407 358 463 383 aut
481 356 593 393 negat,
614 348 735 391 aliquid
755 346 973 378 subaudiendo
994 345 1078 388 quod
1100 346 1275 387 negationis
1294 351 1350 376 aut
1365 345 1578 376 affirmationis

251 420 378 440 sensum
400 413 496 449 atque
517 406 582 437 vim
604 414 730 446 prorsus
746 402 896 432 immutet
916 400 973 441 (1).
994 399 1070 430 Haec
1092 405 1198 429 tamen
1214 399 1327 429 erroris
1345 399 1463 440 species
1478 398 1580 429 multo

253 461 490 504 infrequentius
512 458 651 489 occurrit
675 462 707 487 et
725 455 850 486 facilius
869 454 1045 496 detegitur,
1065 465 1160 496 quam
1179 463 1250 495 quae
1265 463 1304 483 ex
1325 452 1506 483 intellectus
1526 457 1582 483 aut

252 515 424 547 voluntatis
445 513 521 544 vitio
544 510 732 554 procedunt.
752 507 949 539 Prudentem
971 512 1003 537 et
1024 507 1234 537 exercitatum
1254 505 1394 549 judicem
1410 504 1581 536 verborum

253 568 458 599 obscuritates
477 571 572 607 atque
593 563 740 605 ambages
759 561 915 592 rarissime
931 560 1107 602 decipiunt.
1131 558 1212 589 Nam
1232 557 1256 587 si
1277 563 1388 588 testem
1412 557 1581 599 paululum

252 621 430 659 haesitanti,
452 625 508 650 aut
526 618 672 660 ancipiti,
695 622 750 646 aut
775 614 938 645 concisiori
953 612 1046 643 modo
1060 610 1250 653 respondere
1265 611 1375 649 sentit,
1392 621 1465 641 eum
1488 611 1581 641 variis

252 681 348 717 atque
369 673 488 705 iteratis
514 669 739 714 quaestionibus
765 674 859 710 urget
882 674 977 709 atque
1003 664 1148 708 adjuvat,
1176 669 1214 694 ut
1238 674 1273 693 ea
1299 673 1369 704 quae
1394 662 1456 705 jam
1482 663 1580 701 dixit,

254 729 321 760 aliis
348 728 450 760 verbis
475 726 662 756 confirmare
685 723 792 764 possit,
820 721 845 750 si
873 718 1087 750 confirmanda
1110 722 1200 754 sunt,
1230 721 1301 754 aut,
1327 716 1352 745 si
1378 716 1580 758 corrigenda,

253 782 428 822 corrigere,
446 784 478 808 et
493 776 714 819 cogitationem
731 785 820 807 suam
839 773 941 803 fusius
955 771 1114 814 explicare
1130 776 1163 801 et
1177 769 1302 800 clariori
1317 769 1388 800 luce
1406 779 1582 811 exponere,

253 834 353 865 donec
378 831 417 862 de
441 830 510 874 ejus
531 835 639 860 mente
661 827 787 859 nullum
813 826 946 857 dubium
971 824 1117 867 supersit.

298 886 466 923 Ceterum,
492 883 517 913 si
538 888 631 913 testes
659 881 719 912 alia
744 881 853 923 lingua
876 879 1037 922 loquitur,
1060 889 1157 921 quam
1182 876 1296 920 judex,
1315 875 1368 907 vel
1388 875 1506 918 linguae
1521 886 1584 906 usu

254 940 382 983 penitus
412 936 539 968 orbatus
567 941 629 974 est,
661 934 854 965 adhibentur
883 934 1073 974 interpretes
1097 930 1209 974 jurati,
1236 929 1365 972 probata
1395 929 1525 959 scientia
1552 935 1583 959 et

253 993 424 1035 religione,
448 1000 586 1033 quorum
608 987 747 1019 officium
768 993 814 1018 est
833 985 947 1030 judicis
968 985 1230 1028 interrogationes
1249 983 1287 1014 ad
1308 989 1436 1022 testem,
1453 989 1484 1013 et
1499 983 1593 1013 testis.

254 1056 401 1089 responsa
425 1044 464 1075 ad
487 1042 628 1087 judicem
649 1042 862 1072 transmittere
886 1039 943 1082 (2).

954 1114 964 1126 -Ι

848 1153 872 1196 g
909 1154 961 1184 23.

407 1244 463 1277 De
486 1240 702 1272 excludendis
726 1240 867 1271 testibus
891 1239 1071 1270 secundum
1094 1238 1248 1271 rationis?
1255 1237 1435 1278 principia.

300 1340 371 1370 Jam
395 1339 454 1369 tria
475 1337 607 1380 exposui
630 1336 786 1368 elementa
811 1334 927 1378 quibus
951 1334 1052 1365 omnis
1077 1333 1249 1364 testimonii
1274 1333 1388 1364 veritas
1409 1333 1591 1362 necessario,

257 1392 445 1429 absolvitur,
471 1396 503 1421 et
522 1389 638 1432 quibus
659 1389 699 1420 de
720 1389 820 1420 causis
840 1387 963 1430 singula
985 1387 1149 1425 deficiant,
1177 1386 1309 1417 ostendi.
1336 1386 1382 1416 Ex
1407 1385 1456 1415 his
1477 1391 1589 1416 autem

257 1445 374 1484 causis,
398 1443 466 1474 aliae
488 1443 575 1482 testi,
597 1442 665 1473 aliae
685 1442 863 1472 testimonio
884 1441 1058 1479 inhaerent,
1082 1441 1125 1470 ita
1145 1445 1182 1471 ut
1206 1439 1268 1470 illae
1287 1439 1382 1469 etiam
1405 1443 1478 1468 ante
1496 1439 1586 1468 testi-

257 1499 401 1529 monium
424 1496 585 1539 cognosci,
610 1495 660 1527 hae
686 1501 812 1526 tantum
839 1506 879 1526 ex
902 1496 969 1537 ipso
995 1493 1174 1525 testimonio
1199 1503 1352 1536 apparere
1378 1492 1507 1534 possint.
1535 1491 1586 1521 Sic

287 1622 320 1651 (1)
336 1621 403 1644 Dans
423 1628 456 1643 uu
474 1620 587 1651 bailliage
605 1620 633 1642 de
649 1620 709 1648 Bar,
728 1627 758 1642 en
776 1619 846 1649 1768,
866 1625 900 1641 un
919 1617 1046 1646 vieillard,
1065 1625 1100 1640 un
1119 1617 1174 1647 pere
1192 1616 1221 1639 de
1238 1615 1347 1642 familie,
1367 1614 1464 1637 nomme
1481 1614 1585 1642 Martin,
1622 1641 1627 1644 ἡ

256 1661 295 1684 fut
312 1661 447 1690 condamnel
465 1661 477 1683 a
493 1660 557 1689 perir
573 1667 613 1682 sur
630 1659 655 1681 la
676 1666 746 1687 roue;
767 1663 790 1681 et
808 1666 855 1680 une
874 1657 1012 1688 expression
1031 1657 1178 1688 e'quivoque‚
1202 1656 1252 1679 mal
1272 1655 1401 1686 comprise,
1423 1654 1461 1677 fut
1480 1661 1527 1676 une
1547 1654 1587 1676 des

257 1700 402 1730 principales
420 1707 500 1722 causes
519 1699 547 1722 de
561 1706 585 1721 sa
602 1703 673 1721 mort.
693 1698 715 1721 ll
731 1698 790 1721 e'tait
804 1699 885 1722 accuse
903 1699 960 1721 d'uu
978 1703 1083 1721 meurtre
1099 1703 1123 1721 et
1141 1698 1198 1720 d'un
1215 1697 1257 1721 vol
1273 1696 1374 1720 commis
1389 1697 1401 1718 a
1417 1695 1530 1726 quelques
1544 1701 1586 1724 pau

258 1739 286 1762 de
303 1747 327 1761 sa
343 1740 444 1762 maison.
463 1739 502 1762 Uu
522 1739 612 1761 telmoin
632 1739 663 1761 du
677 1743 782 1762 mem-tre
796 1739 836 1762 sut
852 1739 979 1762 consrontel
994 1746 1050 1762 avec
1063 1738 1111 1767 lui,
1130 1742 1154 1760 et
1169 1737 1219 1760 dit:
1237 1745 1262 1760 ce
1280 1737 1342 1759 n’est
1359 1743 1401 1766 pas
1418 1736 1442 1758 lix
1457 1733 1584 1757 l'assassiu.

257 1792 288 1798 —
306 1778 367 1801 Dieu
382 1779 428 1801 soit
442 1780 506 1802 Ioue!
530 1779 610 1802 s’e'cria
626 1779 649 1801 le
665 1778 779 1802 vieillard
796 1779 925 1806 innocent,
945 1787 975 1802 en
988 1779 1054 1801 voici
1071 1786 1104 1801 ιιιι
1124 1779 1166 1807 qui
1182 1785 1212 1800 ne
1228 1778 1274 1799 m'a
1288 1784 1335 1806 pas
1349 1783 1463 1799 recolunt.
1484 1775 1515 1796 Le
1533 1774 1586 1803 iuge

258 1819 388 1849 interprete
411 1826 446 1841 ces
460 1819 553 1848 paroles
575 1826 667 1842 comme
681 1826 715 1842 un
730 1827 791 1842 aveu
806 1819 835 1841 de
848 1818 930 1842 crime.
949 1819 970 1841 11
988 1823 1042 1842 crut
1062 1817 1158 1849 qu3elles
1177 1816 1336 1848 signifiaiem:
1354 1816 1376 1845 je
1392 1815 1442 1837 suis
1457 1813 1584 1843 coupable,

258 1863 282 1882 et
297 1866 329 1881 on
342 1866 372 1880 ue
386 1859 434 1880 m’a
448 1866 490 1887 pas
503 1866 617 1881 recouuu.
633 1859 697 1882 Elles
712 1859 860 1890 signifiaient
873 1863 926 1882 tout
941 1859 963 1882 le
977 1858 1111 1886 contraire3
1125 1857 1186 1880 mais
1201 1856 1225 1879 la
1236 1860 1345 1879 sentence
1358 1854 1398 1877 fut
1413 1853 1507 1883 portee,
1525 1856 1569 1874 etc.
1579 1869 1584 1879 ,

258 1903 303 1922 etc.
320 1898 369 1921 Peu
386 1898 415 1920 de
430 1898 494 1927 jours
515 1900 581 1928 apres
600 1906 643 1921 sou
663 1900 804 1928 execution,
828 1907 872 1922 son
889 1899 1019 1923 innocence
1036 1898 1076 1922 fut
1094 1904 1222 1921 recounue.
1244 1895 1388 1926 (Voltaire‚
1409 1892 1477 1916 Essat
1496 1899 1535 1915 sur
1552 1892 1586 1914 les

258 1938 413 1969 probabilite's
426 1945 455 1960 en
473 1937 518 1960 fait
535 1938 563 1960 de
580 1939 672 1967 justice.
691 1940 832 1969 Pontique,
849 1944 911 1963 tome
927 1940 961 1969 2.)

285 1978 319 2007 (2)
336 1976 391 2001 Art.
405 1977 449 2000 532
464 1981 488 2000 et
500 1977 544 1999 333
558 1976 584 1999 C.
604 1977 698 2001 d'instr.
717 1978 786 2001 crim.
