1763 2511
707 237 714 239 λ
735 190 750 233 (
775 191 816 233 39
837 189 854 232 )

729 270 801 301 CAP.
837 270 868 302 5.

126 351 180 382 Hi
199 351 231 382 si
257 349 377 380 Graeci
388 347 561 391 fuissent,
587 356 628 375 ac
649 344 719 375 nisi
740 343 847 374 nostri
868 354 973 374 mores
996 354 1037 374 ac
1062 343 1245 386 disciplina
1261 361 1304 368 -—
1323 346 1355 375 si
1376 346 1459 377 milii

170 404 277 435 libeat
300 403 402 434 totius
423 400 534 443 gentis
561 399 596 429 in
621 397 822 428 testimoniis
845 396 997 428 dicendis
1023 398 1192 439 explicare
1217 399 1413 430 vanitatem.

170 487 252 526 Quae
270 484 311 516 ad
335 482 526 515 antecedens
550 482 773 514 annotavimus
795 487 907 524 caput,
935 492 972 512 ea
992 481 1088 512 etiam
1112 481 1178 513 huc
1197 482 1359 524 pertinere
1380 492 1458 513 cen·

126 539 222 572 senda
244 543 328 569 sunt.
359 537 469 579 Pergit
491 536 578 567 enim
600 535 710 566 Cicero
734 536 768 566 in
788 535 926 566 nimium
951 534 1104 565 elevanda
1131 534 1317 566 Graecorum
1338 535 1373 566 in
1394 541 1459 566 tes-

125 592 265 624 timoniis
288 590 445 633 religione
467 595 500 621 et
521 589 597 621 fide:
619 600 815 632 quamquam
837 588 897 620 hoc
916 588 984 620 loco
1005 588 1136 619 fortasse
1165 599 1230 626 non
1255 588 1298 619 ita
1324 588 1419 631 longe
1439 601 1456 619 a

125 646 258 679 veritate
281 644 421 684 aberrat,
443 655 539 687 quam
562 644 597 674 in
619 642 886 686 praecedentibus.
912 642 987 685 Agit
1008 643 1094 673 enim
1115 641 1169 672 hic
1190 641 1229 672 de
1247 640 1383 684 publicis
1398 640 1460 672 illis

124 698 272 737 testibus,
294 708 373 740 quos
397 708 452 728 sua
472 703 563 728 aetate
587 696 710 728 Graecae
725 696 868 729 civitates
891 696 1026 727 Romam
1047 696 1176 726 mittere
1196 694 1334 725 solerent
1349 694 1388 725 ad
1405 705 1460 725 ac-

125 752 279 784 cusandos
304 752 461 782 Romanos
484 751 702 793 magistratus,
730 751 787 792 qui
811 751 845 780 in
866 750 932 792 ipsa
958 749 1095 788 Graecia,
1121 748 1186 780 sive
1208 749 1305 779 etiam
1324 748 1359 778 in
1386 742 1474 780 Asia(

125 806 210 837 male
230 811 288 837 aut
305 804 424 848 injuste
445 803 588 847 publicas
607 814 657 834 res
677 802 957 833 administrassent.

168 858 211 889 Hi
228 863 323 890 testes
343 869 409 889 non
429 857 621 900 gravissimi,
644 855 699 887 sed
723 854 928 898 impudentes
953 860 985 886 et
1007 854 1156 897 loquaces
1172 854 1270 885 fuisse
1290 853 1458 893 videntur,

126 911 165 942 de
191 909 309 953 quibus
331 910 416 942 vitiis
446 921 499 941 eos
522 914 649 940 accusat
679 909 801 940 Cicero.
823 927 867 934 —
888 909 936 940 Ex
963 908 1079 939 horum
1105 919 1243 939 numero
1269 907 1459 951 quibusdam

124 964 255 995 fortasse
276 962 504 1007 jusjurandum
518 969 586 994 erat
605 962 709 1007 jocus,
735 963 954 994 testimonium
977 961 1080 1001 lusus,
1102 961 1318 992 Romanorum
1348 960 1459 992 existi—

125 1018 223 1049 matio
246 1016 398 1048 tenebrae.

672 1088 745 1120 CAP.
777 1089 794 1122 7
825 1099 863 1119 ΕΤ
886 1089 917 1119 8.

131 1162 162 1193 Ο
185 1173 304 1193 morem
323 1162 539 1203 praeclarum
565 1161 848 1203 disciplinamque
874 1171 976 1202 qnam
1001 1171 1023 1190 a
1047 1158 1232 1200 majoribus
1258 1159 1459 1200 accepimus.

280 1232 323 1239 --
344 1214 463 1246 audire
491 1215 679 1245 concionem
704 1215 906 1245 concitatam
930 1213 1121 1244 levissimae
1145 1212 1304 1242 nationis.

171 1287 231 1319 Hic
251 1287 341 1318 locus
362 1286 504 1319 acerbior
525 1293 572 1318 est
596 1293 705 1319 contra
729 1288 916 1319 Graecorum
937 1287 1121 1326 conciones3
1143 1295 1251 1328 neque
1271 1295 1346 1316 sane
1366 1295 1460 1327 pror-

127 1351 180 1372 sus
205 1339 375 1371 immerito.

170 1393 318 1425 Primum
346 1404 397 1424 eas
418 1400 580 1436 comparat
605 1394 716 1425 Cicero
738 1406 813 1426 cum
834 1394 1049 1425 Romanorum
1072 1393 1222 1433 comitiis,
1241 1398 1273 1424 et
1287 1391 1359 1436 j'ure
1382 1402 1461 1422 con-

128 1446 243 1486 cludit,
262 1447 331 1478 haec
350 1447 412 1478 illis
427 1447 521 1490 longe
537 1458 603 1478 esse
619 1447 852 1490 anteponenda.
868 1465 912 1472 —
928 1447 1001 1487 Qua
1019 1446 1232 1489 disputatione
1247 1446 1342 1477 etiam
1354 1450 1458 1488 patet,

129 1504 248 1540 quanto
264 1499 367 1541 magis,
377 1500 413 1530 in
427 1499 487 1530 hac
503 1506 594 1543 parte
612 1500 869 1532 administrandae
884 1499 1069 1543 reipublicae
1084 1499 1218 1531 Romani
1230 1498 1458 1536 excelluerint,

129 1562 226 1594 quam
248 1552 364 1583 Graeci.

174 1604 257 1643 Quae
290 1611 398 1636 autem
433 1605 511 1636 dicit
541 1606 668 1637 Cicero:
713 1606 914 1637 Graecorum
948 1610 1036 1636 totae
1070 1605 1280 1646 respublicae
1314 1603 1460 1634 sedentis

129 1657 295 1688 concionis
320 1659 503 1689 temeritate
524 1659 819 1696 administrantur,
843 1658 928 1698 haec,
944 1664 983 1689 ut
1002 1668 1020 1689 e
1035 1657 1242 1699 sequentibus
1256 1661 1403 1699 apparet,
1421 1655 1461 1686 de

130 1709 249 1740 Graecis
271 1722 338 1742 suae
358 1712 460 1742 aetatis
480 1711 566 1742 dicit.
605 1711 694 1742 Bene
720 1712 806 1742 enim
838 1710 1005 1752 distinguit
1024 1715 1166 1742 veterem
1192 1709 1350 1741 Graeciam
1375 1709 1460 1740 inter

129 1767 162 1793 et
178 1762 336 1792 Graeciam
356 1763 504 1794 Romanis
529 1762 722 1807 subjecta1n3
753 1774 948 1806 quamquam
970 1769 1002 1794 et
1021 1763 1055 1794 in
1075 1763 1161 1794 illi-us
1180 1763 1346 1794 conciones
1367 1761 1459 1795 valde

129 1814 308 1854 invehitur,
335 1826 437 1858 quum
459 1816 516 1847 uni
538 1816 637 1856 malo,
662 1816 800 1848 libertati
820 1828 937 1860 nempe
951 1828 988 1848 ac
1002 1817 1141 1848 licentiae
1161 1816 1368 1855 concionum,
1390 1827 1458 1847 ser·-

129 1867 267 1899 vitutem
296 1868 428 1899 Graeciae
451 1868 590 1908 tribuat;
624 1881 642 1900 ))
659 1882 732 1900 eum
754 1871 788 1901 in
809 1871 955 1908 theatro,
982 1871 1104 1913 inquit,
1128 1871 1272 1911 imperiti
1294 1870 1456 1905 homines,

129 1932 149 1951 ³)
172 1932 281 1952 rerum
308 1922 454 1952 omnium
485 1922 583 1953 rudes
610 1923 807 1965 ignarique,
840 1924 1079 1955 consederant:
1105 1929 1174 1954 tam
1203 1923 1296 1954 bella*
1322 1923 1461 1953 inutilia

131 1984 151 2004 >)
174 1973 442 2015 suscipiebant’',
467 1980 531 2005 etc„
544 1975 601 2005 Et:
624 1986 642 2005 ))
658 1975 740 2006 haec
759 1977 915 2007 Athenis
934 1983 1022 2014 tum,
1036 1988 1110 2007 cmn
1126 1977 1286 2007 illaenon
1301 1976 1409 2006 solnm
1425 1975 1459 2004 in

131 2037 150 2058 ))
179 2026 339 2064 Graecia,
356 2027 530 2069 sedprope
544 2029 672 2059 cunctis
687 2029 845 2071 gentibus
858 2030 1029 2062 enitebant
1032 2053 1048 2067 2
1060 2030 1208 2061 accidere
1225 2035 1305 2060 sant
1317 2026 1456 2059 solita.”
