1820 2568
263 384 461 425 PETRI
494 379 767 423 OTTONIS
803 378 936 420 VAN
972 381 1103 420 DER
1137 380 1331 435 CHYS‚

671 480 921 519 DELPHENSIS,

222 571 355 604 LITER.
379 570 544 603 HUMAN.
569 569 613 602 IN
636 569 821 602 ACADEM.
845 569 1094 602 LUGD.-BAT.
1122 569 1371 611 CANDIDATI,

461 678 1132 739 RESPONSIO

779 803 818 823 AD

132 884 397 924 QUAESTIONEM
422 884 470 914 AB
492 884 640 913 ORDINE
662 883 929 913 PHILOSOPHIAE
950 883 1211 912 THEORETICAE
1235 884 1285 912 ET
1304 884 1462 916 LITERA-

182 944 269 974 RUM
290 942 564 973 HUMANIORUM
583 942 623 970 IN
644 941 849 972 ACADEMIA
870 941 1121 971 GANDAVENSI
1142 941 1407 981 PROPOSITAM,

508 1019 641 1052 ANNO
679 1020 724 1051 M.
762 1019 897 1051 DCCC.
935 1019 1082 1050 XXIV:

174 1114 317 1155 Scripsit
348 1113 402 1145 M.
434 1113 491 1145 A.
526 1112 683 1143 Muretus
717 1109 766 1142 V
761 1121 809 1140 ar.
845 1110 936 1141 Lect.
970 1109 1078 1140 XIX.
1105 1109 1137 1150 4.
1175 1121 1194 1140 ))
1210 1109 1264 1141 M.
1296 1110 1458 1150 Tullius,

130 1179 150 1199 )›
175 1177 381 1210 quamquam
403 1165 553 1208 φιλέλλην
575 1170 609 1195 et
628 1169 718 1200 erat,
741 1169 775 1194 et
796 1163 914 1194 haberi
935 1163 1089 1199 volebat,
1126 1162 1326 1194 Graecorum
1350 1170 1462 1197 tamen

130 1232 150 1251 )>
173 1220 304 1251 nationi
322 1230 561 1260 nonnunquam
584 1218 787 1259 subiniquus
814 1217 965 1248 videtur:
994 1228 1059 1248 non
1082 1222 1230 1253 tantum,
1259 1217 1318 1248 ubi
1335 1229 1461 1250 causae

128 1285 149 1305 ))
172 1274 319 1304 serviens
345 1283 455 1303 eorum
469 1271 578 1313 fidem
606 1271 641 1301 in
669 1270 869 1301 testimoniis
894 1270 1019 1306 elevat,
1057 1270 1229 1300 levitatem
1254 1271 1456 1309 insectatur,

129 1338 149 1357 ))
173 1326 331 1357 instituta
356 1324 501 1362 deridet,
542 1324 604 1355 sed
630 1324 731 1355 etiam
770 1334 845 1354 cum
874 1323 1063 1355 Romanam
1096 1323 1249 1365 linguam
1288 1324 1460 1355 verborum

129 1391 149 1411 >›
172 1380 270 1422 copia
303 1379 450 1410 Graecae
477 1390 542 1409 non
559 1389 679 1420 parem
702 1377 818 1414 modo,
851 1377 912 1408 sed
933 1377 1036 1407 etiam
1063 1377 1266 1418 superiorem
1275 1376 1459 1419 facit.'¹—

129 1445 149 1465 )›
177 1433 361 1473 Quaeritur
382 1433 516 1475 itaque,
539 1438 578 1462 ut
597 1443 637 1462 ex
660 1432 814 1473 operibus
834 1431 1000 1462 Ciceronis
1025 1441 1090 1460 non
1115 1436 1244 1461 tantum
1267 1431 1379 1461 omnia
1395 1431 1459 1461 illa

128 1498 148 1518 ))
172 1488 247 1518 loca
276 1487 429 1528 deinceps
461 1487 671 1528 seligantur,
709 1485 832 1527 quibus
864 1486 955 1526 ipse,
989 1494 1209 1526 quascunque
1243 1483 1376 1514 tandem
1415 1483 1457 1514 ob

128 1550 148 1570 >³
172 1550 314 1576 causas,
341 1545 403 1569 aut
424 1550 530 1581 aeque
549 1545 610 1569 aut
630 1540 744 1581 inique
763 1539 804 1569 de
834 1538 971 1569 Graecis
984 1537 1165 1579 judicasse
1185 1537 1367 1568 censendus
1387 1537 1454 1573 sit,

128 1604 148 1623 ))
172 1603 283 1623 verum
309 1594 410 1623 etiam
436 1599 474 1623 ut
493 1593 556 1623 illa
581 1592 703 1629 judicii
722 1593 793 1623 sive
817 1592 974 1633 aequitas
995 1591 1066 1621 sive
1092 1590 1257 1631 iniquitas
1277 1600 1457 1631 argumen-

129 1657 149 1675 ))
174 1651 279 1676 torum
307 1645 493 1676 rationibus
516 1644 713 1686 prohetu1·.”

172 1746 285 1785 QUAE
322 1745 564 1778 PRAEMIUM
601 1744 919 1776 REPORTAVIT
955 1745 1037 1775 DIE
1069 1743 1123 1776 ΙΠ.
1163 1742 1407 1776 OCTOBRIS

632 1799 675 1830 M.
700 1799 818 1830 DCCC.
842 1798 951 1830 XXV.
