1763 2511
899 172 914 214 (
940 184 979 204 2⁰
1002 173 1018 214 )

289 247 463 286 termediae,
490 256 627 289 quarum
648 246 766 277 auxilio
790 252 886 289 atque
906 245 1072 290 junctura,
1095 253 1247 293 tanquam
1267 260 1416 281 mensura
1438 254 1623 291 communi,

285 301 400 332 veritas
419 299 550 330 admissa
570 311 643 330 cum
663 300 796 332 veritate
817 300 976 342 proposita.
997 300 1178 340 confertur,
1202 307 1234 333 et
1254 302 1293 333 de
1310 304 1479 346 utriusque
1500 316 1619 336 conve-

284 355 406 385 nientia
428 360 484 385 aut
504 354 716 397 repugnantia
735 353 907 397 judicatur.
935 354 986 384 Sic
1004 354 1038 384 in
1056 354 1208 394 Mathesi,
1233 357 1257 386 si
1279 357 1350 398 quis
1371 357 1503 399 probare
1528 357 1617 398 velit,

287 415 349 439 tres
371 408 503 450 angulos
522 407 679 450 cujusque
700 407 852 449 trianguli
872 418 938 438 esse
958 406 1096 449 aequales
1113 407 1237 439 duobus
1253 409 1362 448 rectis,
1385 420 1485 451 quum
1503 409 1535 441 id
1555 416 1619 441 sta-

288 465 344 494 tim
360 469 392 494 et
413 464 515 505 primo
536 462 658 493 intuitu
680 462 825 504 cognosci
844 472 908 492 uon
929 461 1040 503 possit,
1059 461 1162 492 utitur
1183 461 1250 492 aliis
1267 462 1457 504 quibusdam
1477 463 1619 506 angulis,

287 529 425 560 quorum
445 527 569 547 summa
591 521 656 546 tam
676 516 819 557 priorum
836 525 932 556 quam
952 514 1162 556 posteriorum
1179 525 1336 545 summam
1353 516 1514 558 adaequat3
1532 517 1619 548 uude

287 571 459 602 certissime
480 569 655 608 concludit,
673 570 766 599 etiam
785 568 971 610 posteriores
989 566 1147 610 prioribus
1163 578 1229 598 esse
1241 568 1389 610 aequales.
1411 569 1493 599 Hinc
1510 570 1620 612 sequi-

286 630 360 663 tur,
389 622 490 665 quod,
516 622 541 652 si
561 622 785 653 demonstratio
806 628 893 653 recte
913 622 1013 652 fuerit
1034 622 1198 660 instituta,
1226 621 1336 652 eadem
1361 624 1619 654 necessariorem

288 677 533 708 demonstratam
561 677 731 706 comitetur
752 676 883 714 veritas,
905 686 977 716 quae
999 673 1233 716 cognitionibus
1252 674 1410 706 intuitivis
1430 686 1486 706 seu
1506 687 1620 707 neces-

286 732 372 762 sariis
392 731 490 769 inest,
517 730 592 771 quia
615 740 672 770 per
695 728 995 758 demonstrationem
1016 737 1082 756 non
1100 737 1181 757 nova
1201 726 1337 757 efficitur
1357 728 1544 769 propositio,
1566 729 1620 760 sed

286 783 417 814 admissa
442 781 501 813 sub
519 793 599 813 nova
622 781 724 811 forma
746 780 946 822 proponitur.
972 779 1123 810 Attamen
1143 779 1302 810 certitudo
1325 779 1401 811 inde
1424 792 1621 824 consequens

285 847 454 878 nunquam
475 834 571 865 taleni
594 834 762 866 evidentiae
785 834 849 865 vim
875 839 971 875 atque
994 832 1101 863 lucem
1124 832 1293 875 producit,
1321 833 1450 876 qualem
1475 833 1530 865 illa
1556 845 1620 877 qua

287 896 397 933 sponte
424 895 456 920 et
483 888 573 919 nullo
595 888 713 930 praevio
738 887 884 918 examine
906 887 1050 917 instituto
1072 886 1310 928 perfundimur.
1342 886 1424 918 Nam
1452 889 1486 917 1ο
1512 888 1621 919 Donec

287 943 513 974 demonstratio
528 941 669 984 perfecta
691 946 753 980 est,
773 950 898 982 semper
914 938 1042 982 aliquod
1060 938 1195 970 dubium
1213 938 1438 970 certitudinem
1454 940 1620 982 praecedit,

288 997 374 1040 quod
397 997 431 1027 in
457 994 724 1039 propositionibus
747 994 928 1025 necessariis
954 1004 1123 1035 nunquam
1149 991 1247 1023 habet
1270 992 1393 1032 locum,
1423 1003 1501 1035 quas
1523 993 1621 1024 nimi-

287 1062 376 1090 rum,
402 1049 497 1080 simul
518 1060 554 1080 ac
573 1048 663 1079 nobis
682 1048 903 1086 innotescunt,
926 1048 1032 1077 statim
1053 1047 1120 1077 sine
1143 1046 1209 1077 ulla
1234 1046 1430 1077 haesitatione
1453 1046 1621 1089 amplecti-

288 1114 372 1134 mur.
394 1102 533 1140 Deinde,
553 1102 648 1132 etiam
665 1107 735 1143 post
752 1100 1055 1131 demonstrationem
1072 1099 1265 1142 perfectam,
1283 1100 1528 1142 propositionem
1545 1112 1621 1143 pro—

287 1156 392 1187 batam
408 1167 473 1186 non
492 1161 557 1186 tam
577 1154 649 1185 ideo
665 1154 879 1193 admittimus,
900 1153 974 1196 quia
989 1153 1199 1196 intelligimus
1214 1164 1284 1183 eam
1302 1163 1368 1183 esse
1383 1163 1506 1192 veram,
1524 1164 1622 1196 quam

289 1211 363 1252 quia
387 1208 688 1239 demonstrationem
708 1207 852 1249 legitimo
869 1206 962 1237 modo
984 1207 1164 1238 institutam
1187 1206 1284 1237 fuisse
1305 1206 1503 1237 confidimus.
1526 1206 1621 1238 Unde

287 1264 336 1301 fit,
352 1268 390 1292 ut
410 1263 443 1292 in
462 1260 727 1291 demonstratione
743 1259 901 1290 certitudo
913 1270 978 1289 non
993 1259 1033 1289 sit
1048 1270 1173 1301 semper
1189 1260 1328 1291 veritatis
1348 1259 1497 1299 effectus,
1521 1260 1576 1291 sed
1590 1266 1622 1291 et

289 1315 459 1358 aliquando
479 1315 650 1357 propositio
670 1314 747 1344 falsa
768 1314 836 1345 veri
854 1313 950 1344 fidem
969 1312 1059 1343 nobis
1075 1312 1267 1355 suppeditet.
1286 1312 1422 1343 Credere
1443 1314 1529 1344 enim
1548 1324 1623 1356 pos·-

290 1380 399 1400 sumus
415 1368 716 1399 demonstrationem
731 1366 873 1409 legitime
893 1366 1089 1405 institutam,
1104 1366 1138 1396 in
1155 1376 1218 1408 qua
1233 1371 1340 1396 tamen
1357 1365 1479 1407 aliquid
1495 1367 1622 1408 impru-

288 1423 400 1454 denter
419 1422 582 1453 omisimus
602 1420 653 1452 vel
673 1420 921 1459 immiscuimus,
943 1430 1007 1462 quo
1027 1418 1253 1450 demonstratio
1276 1419 1404 1460 penitus
1427 1419 1548 1450 corruit
1562 1419 1620 1461 (1).

338 1556 377 1585 (1)
394 1564 406 1577 »
423 1556 457 1578 La
472 1555 623 1586 perception,
642 1554 679 1577 dit
692 1553 771 1576 Locke
789 1553 913 1583 (Enteud.
928 1552 1005 1575 Hum.
1017 1570 1023 1580 ,
1042 1551 1060 1574 l.
1076 1551 1107 1578 4,
1126 1551 1197 1581 chap.
1213 1559 1239 1580 7,
1259 1551 1271 1580 §
1286 1551 1333 1578 6),
1351 1550 1392 1581 qui
1412 1555 1446 1573 est
1455 1550 1568 1581 produite
1580 1558 1624 1581 par

292 1604 305 1617 >›
321 1596 376 1619 voie
396 1596 424 1618 de
450 1594 656 1622 demonstrationi,
680 1598 736 1624 peut
756 1595 804 1616 eti-e
822 1594 946 1624 eompare'e
964 1594 977 1615 a
995 1593 1053 1615 celle
1072 1591 1129 1614 d'un
1149 1591 1230 1622 visage
1249 1591 1346 1614 re‘fle'chi
1366 1591 1563 1614 successivement
1580 1599 1625 1622 par

292 1644 305 1656 υ
321 1635 440 1665 plusieurs
459 1635 568 1662 miroirs,
589 1634 618 1657 de
633 1634 686 1656 l'uu
702 1634 715 1656 a
728 1634 829 1661 l'autre;
853 1633 916 1655 aussi
931 1633 1059 1663 long-tems
1071 1639 1116 1662 que
1133 1631 1228 1662 l’image
1242 1638 1356 1654 conserve
1375 1631 1403 1654 de
1416 1632 1440 1653 la
1454 1631 1625 1654 ressemblance

293 1683 306 1696 ¹>
323 1683 379 1698 avec
396 1675 490 1704 l'objet,
513 1675 558 1697 elle
576 1682 605 1697 en
620 1674 700 1696 donne
716 1674 739 1696 la
757 1673 941 1696 connaissance:
962 1672 1024 1694 mais
1040 1679 1069 1694 eu
1085 1671 1201 1701 perdant,
1219 1672 1233 1694 ὲ
1248 1672 1339 1702 chaque
1353 1671 1466 1694 reflexion
1481 1673 1622 1699 successive,

294 1722 306 1735 >J
324 1715 425 1744 quelque
442 1714 520 1744 partie
537 1714 565 1736 de
581 1718 641 1736 cette
654 1713 758 1743 parsaite
774 1713 848 1736 clarte'
865 1716 888 1734 et
903 1711 1046 1734 distinction
1064 1711 1106 1741 qui
1121 1715 1156 1734 est
1171 1711 1232 1734 dans
1245 1711 1269 1734 la
1286 1711 1401 1741 premiere
1419 1711 1511 1741 image3
1530 1710 1625 1740 jusqu’a

294 1762 307 1773 ))
324 1761 348 1776 ce
363 1754 467 1783 qu'entin
486 1753 589 1782 celle-ci,
606 1754 674 1784 apres
687 1753 756 1776 avoir
766 1753 802 1776 e'te
816 1752 924 1775 re'sse'chie
937 1751 1055 1782 plusieurs
1071 1751 1118 1773 sois
1128 1769 1133 1779 ‚
1153 1751 1252 1774 devient
1267 1751 1317 1774 fort
1332 1751 1443 1778 confuse,
1459 1755 1482 1773 et
1497 1751 1556 1772 n'est
1568 1749 1624 1782 plus

294 1801 307 1814 υ
325 1793 344 1814 si
359 1793 548 1816 reconnaissable
562 1794 575 1815 a
594 1793 618 1816 la
634 1793 748 1823 premie're
767 1800 825 1821 vue,
843 1796 947 1814 sur-tout
960 1799 1021 1821 pour
1037 1791 1077 1813 des
1092 1798 1158 1821 yeux
1171 1791 1266 1814 faibles.
1284 1792 1306 1814 ΙΙ
1320 1799 1349 1814 en
1363 1795 1397 1814 est
1410 1790 1473 1814 ainsi
1491 1789 1518 1812 de
1530 1789 1555 1813 la
1567 1796 1623 1812 cou-

295 1840 308 1854 »
324 1833 446 1855 uaissauee
462 1833 504 1864 qui
521 1838 555 1857 est
572 1833 685 1864 produite
703 1841 747 1865 par
765 1840 812 1856 une
827 1833 916 1866 longue
932 1832 994 1855 suite
1014 1831 1043 1855 de
1057 1833 1183 1862 preuves.’¹
