1763 2511
778 188 794 229 (
820 198 858 229 ¹9
881 188 896 229 )

212 261 331 293 Eadem
351 261 392 293 de
411 271 503 292 causa
523 260 699 292 contemnit
717 260 865 290 orationis
885 259 1140 292 distributionem
1160 262 1195 293 in
1214 263 1398 304 exordium,
1417 273 1493 296 nar—

167 316 322 347 rationem
343 321 404 346 cet.
430 316 478 346 De
500 326 564 357 quo
583 313 694 345 eadem
717 311 823 343 valere
842 311 969 343 videtur
990 315 1160 345 excusatio.

213 369 310 408 Quod
334 375 442 400 autem
468 367 574 407 addit,
599 366 684 409 quod
705 377 871 408 perperam
898 377 933 396 ea
959 366 1081 396 exordii
1102 373 1133 397 et
1158 369 1344 399 narrationis
1365 370 1491 412 propria

169 433 235 454 esse
254 422 450 460 statuissent,
474 431 546 463 quae
565 430 622 462 per
640 420 821 451 universam
845 420 1018 451 orationem
1040 428 1143 466 essent
1163 421 1354 454 observanda
1368 447 1376 462 ,
1401 425 1435 454 in
1457 435 1493 455 eo

168 475 285 517 partim
302 484 408 516 aeque,
433 473 548 515 partim
569 473 680 515 inique
700 472 843 516 judicare
858 473 1001 512 videtur,
1024 474 1136 504 collato
1149 474 1249 506 Crassi
1260 487 1404 507 sermone
1424 488 1492 519 cap.

170 528 230 567 79,
254 529 307 558 80.
333 527 381 557 De
403 526 533 557 exordio
551 526 654 565 enim,
676 532 832 558 oratorem
852 528 886 557 in
904 538 941 558 eo
965 527 1093 558 studere
1114 534 1275 570 oportere,
1296 536 1334 561 ut
1354 530 1493 573 judicem

168 581 264 611 saciat
279 578 489 618 benevolum,
507 584 682 618 attentum,
703 579 854 618 docilem,
871 579 939 610 haec
958 580 1088 622 quidem
1110 586 1142 610 et
1161 581 1268 612 Crasso
1283 582 1303 612 l.
1325 594 1351 612 c.
1370 589 1402 613 et
1417 583 1494 613 mihi

167 643 297 676 quoque
318 631 470 663 videntur
488 632 522 662 in
540 643 637 663 cursu
656 632 805 662 orationis
832 632 945 663 melius
965 631 1044 662 effici
1064 644 1163 675 posse.

210 687 260 717 De
278 686 459 716 narratione
477 697 553 718 vero
576 685 661 728 quod
679 686 889 728 praecipiunt,
909 696 979 717 eam
997 691 1139 727 apertam
1158 692 1190 716 et
1211 687 1414 718 verisimilem
1430 698 1494 719 esse

167 738 301 778 dehere,
324 738 451 769 Crassus
471 739 538 780 ipse
550 739 691 780 agnoscit
711 738 970 779 perspicuitatem
990 739 1025 768 in
1045 739 1225 770 narratione
1245 751 1320 771 cum
1338 739 1495 771 difficilio-

167 802 236 822 rem
257 802 339 830 esse,
369 797 438 821 tum
462 790 581 833 majore
601 789 745 832 periculo
768 789 898 831 negligi.
929 790 1000 820 Non
1024 791 1123 832 igitur
1147 793 1214 821 sine
1233 803 1327 822 causa
1353 792 1494 824 rhetores

166 844 341 877 voluerunt
360 844 390 874 ei
410 843 524 875 virtuti
543 843 576 873 in
595 841 649 873 illa
669 842 817 873 orationis
837 848 927 884 parte
948 843 1110 885 praecipue
1131 854 1258 886 operam
1283 844 1361 875 dari.

210 897 289 928 Veri
311 902 418 927 autem
438 895 681 927 similitudinem
704 896 892 927 narrationis
911 907 976 927 esse
995 897 1155 939 propriam
1177 898 1221 927 ait
1241 897 1342 928 Caesar
1363 909 1403 929 ex
1422 910 1495 930 sen—

166 951 266 981 tentia
286 950 462 988 Ciceronis,
483 949 568 991 (vid.
589 949 694 981 Nauta
715 949 893 980 Comment.
915 961 947 991 p.
971 948 1048 991 53.)
1069 961 1136 991 cap.
1157 950 1201 981 66
1219 950 1235 991 5
1259 952 1280 980 2
1305 957 1338 981 et
1354 963 1422 994 cap.
1439 952 1493 992 64.

166 1004 279 1047 Itaque
299 1004 396 1034 etiam
417 1003 479 1034 hoc
502 1014 567 1034 non
590 1003 747 1034 inutiliter
772 1007 1012 1044 praeceperunt,
1042 1002 1202 1044 quomodo
1225 1004 1403 1036 verisimilis
1426 1006 1495 1036 fieri

166 1062 271 1099 posset
291 1057 441 1087 narratio.
543 1055 547 1057 ⁷

211 1110 294 1149 Quae
314 1121 408 1153 porro
430 1114 611 1152 sequuntur
631 1108 705 1139 inde
723 1120 740 1139 a
761 1107 882 1140 verbis:
903 1109 1100 1150 omninoque
1118 1109 1153 1139 in
1169 1109 1248 1147 lzoc‚·
1266 1110 1301 1140 in
1316 1110 1352 1141 iis
1367 1110 1495 1143 videtur

166 1163 287 1206 aliquid
308 1163 418 1194 Cicero
438 1162 586 1194 tribuisse
609 1172 753 1205 personae
777 1162 926 1202 Antonii,
952 1161 1150 1193 abhorrentis
1174 1162 1213 1194 ab
1238 1164 1379 1195 artificio.
1409 1165 1494 1196 Vera

166 1217 235 1260 ejus
253 1222 285 1248 et
308 1216 431 1258 aequior
453 1215 609 1246 sententia
632 1215 777 1257 cognosci
801 1220 904 1256 potest
925 1225 943 1245 e
964 1226 1032 1257 cap.
1056 1215 1109 1246 32.

689 1297 762 1327 CAP.
788 1297 830 1328 36
852 1309 890 1328 ET
913 1298 966 1331 37.

188 1369 276 1402 Plus
302 1370 389 1401 enim
414 1375 445 1400 te
469 1380 588 1410 operae
618 1368 755 1400 Graecis
781 1369 914 1400 dedisse
938 1370 1036 1400 rebus
1065 1386 1108 1394 —
1137 1371 1306 1401 imminuit
1328 1373 1415 1402 enim
1441 1378 1473 1403 et

386 1423 528 1453 oratoris
553 1422 786 1453 auctoritatem
814 1428 849 1453 et
871 1423 1032 1453 orationis
1054 1423 1177 1464 fidem,
1210 1429 1271 1455 etc.

209 1504 331 1535 Iterum
341 1504 375 1534 h.
395 1504 417 1534 l.
440 1503 573 1535 affertur
588 1502 790 1545 exemplum,
809 1515 873 1545 quo
893 1503 1046 1545 probatur
1065 1504 1221 1536 Romanos
1242 1506 1407 1537 universos
1430 1507 1493 1537 mi-

167 1556 253 1587 nime
273 1556 426 1587 studiosos
450 1556 548 1587 fuisse
567 1556 734 1587 literarum
757 1556 957 1599 Graecarum,
980 1568 1058 1599 quas
1079 1557 1192 1588 debitis
1216 1563 1323 1589 tamen
1345 1558 1492 1590 laudibus

166 1608 260 1640 effert
278 1608 455 1648 Antonius,
474 1614 507 1639 et
526 1619 591 1639 suae
611 1619 753 1651 personae
776 1609 1002 1641 convenienter
1020 1610 1163 1653 loquitur
1186 1612 1270 1642 conf.
1294 1623 1362 1654 cap.
1386 1614 1402 1642 1
1425 1612 1440 1653 §
1459 1612 1490 1652 4.

210 1661 292 1700 Quae
312 1661 351 1692 de
371 1661 485 1692 Numae
506 1662 659 1703 sapientia
680 1662 714 1692 in
737 1662 956 1694 constituenda
976 1663 1140 1707 republica
1160 1664 1337 1709 jactantur,
1367 1665 1492 1697 duobus

167 1725 266 1757 prope
286 1714 400 1745 seculis
418 1720 491 1745 ante
510 1725 527 1745 a
547 1714 695 1746 Romanis
715 1716 856 1758 cognita,
880 1727 976 1759 quam
996 1728 1066 1748 eam
1087 1718 1190 1749 Graeci
1207 1724 1314 1750 natam
1333 1730 1398 1750 esse
1417 1729 1491 1750 sen-

165 1766 280 1806 serint,
302 1766 491 1808 amplificata
512 1773 596 1798 sunt.
628 1768 662 1798 Si
683 1769 768 1800 enim
789 1769 876 1800 illam
897 1771 1084 1813 sapientiam
1106 1771 1334 1803 constituendae
1356 1772 1490 1803 civitatis

166 1819 317 1862 intelligit
341 1820 528 1864 Pythagorae
550 1821 782 1865 philosophiam
803 1824 854 1866 (et
874 1824 934 1855 alio
949 1825 1002 1857 vix
1021 1825 1134 1856 referri
1148 1830 1295 1867 possunt,
1318 1836 1393 1856 cum
1410 1825 1491 1857 civi—

165 1866 211 1904 tas
232 1873 478 1905 Atheniensium
493 1873 556 1917 jam
577 1875 633 1907 diu
653 1876 728 1908 inde
749 1889 766 1908 a
784 1877 906 1909 Theseo
924 1879 1109 1919 exstitisset,
1130 1884 1163 1910 et
1180 1879 1247 1921 ipso
1267 1879 1373 1910 Numa
1393 1879 1487 1921 longe

166 1936 232 1957 esse
252 1926 430 1969 antiquior)
454 1928 477 1958 si
501 1928 600 1970 igitur
619 1929 833 1973 Pythagoram
856 1931 981 1963 duobus
997 1942 1096 1974 prope
1121 1931 1234 1963 seculis
1255 1938 1325 1975 post
1349 1931 1487 1963 Numam

166 1979 280 2012 vixisse
300 1979 423 2020 scribit,
453 1991 565 2013 vereor
586 1993 628 2013 ne
652 1985 802 2027 temporis
821 1986 1027 2020 intervallum
1049 1986 1144 2017 nimis
1168 1991 1302 2029 augeat3
1331 1984 1487 2028 siquidem
