1820 2568
759 219 877 263 (43)

159 336 1498 360 W

704 438 866 471 CAPUT
912 438 957 469 II.

167 571 242 593 POST
264 567 379 590 PUGNAS
403 565 559 594 ALIQUOT,
582 564 644 584 NON
668 562 719 583 ITA
743 561 879 590 GRAVES,
903 561 992 581 INTER
1015 559 1144 580 EXSULES
1167 559 1205 579 ET
1228 559 1303 588 EOS,
1328 559 1380 584 QL‘I
1405 557 1503 578 URBEM

538 626 708 656 TENEBANT,
732 625 829 646 PACEM
851 625 938 646 FACIT
961 623 1132 645 PAUSANIAS.

214 851 340 884 Deinde
365 849 553 888 Pausanias,
578 847 678 878 missis
701 845 741 877 ad
763 844 900 876 obsessos
920 844 1050 887 legatis,
1076 843 1167 887 jussit
1192 853 1244 873 eos
1267 841 1371 873 redire
1396 843 1429 872 in
1451 852 1509 873 ve*

171 914 254 939 teres
274 916 346 937 suas
363 904 452 935 sedes
472 914 508 934 ac
524 901 731 946 possessiones
752 898 791 930 ab
808 898 918 930 exsssio
938 898 1111 929 restitutos.
1138 896 1205 935 Qui
1224 907 1298 926 cum
1315 906 1380 926 non
1397 894 1508 925 obedi—

170 966 260 1000 rent,
286 960 445 1002 impetum
466 956 570 996 dedit,
596 961 634 987 ut
656 954 767 985 saltem
787 952 933 996 querelas
957 956 1135 990 amoveret,
1160 949 1265 993 palam
1284 960 1316 980 se
1335 949 1410 991 ipsis
1427 947 1510 978 hene

171 1015 266 1048 velle.
296 1014 408 1053 Quum
437 1023 512 1044 vero
537 1010 585 1041 nil
607 1009 743 1052 alicujus
768 1007 922 1038 momenti
951 1005 1081 1036 molitus
1106 1003 1303 1042 recessisset,
1336 1001 1508 1044 postridie,

172 1068 318 1100 assumtis
337 1065 462 1099 duabus
487 1062 671 1094 cohortibus
691 1060 871 1098 Laconicis,
895 1064 927 1089 et
946 1057 1049 1088 tribus
1073 1056 1188 1087 turmis
1217 1055 1365 1097 equitum
1388 1055 1512 1085 Attico-

171 1133 263 1160 rum,
289 1119 329 1150 ad
344 1116 529 1160 Munychiae
545 1115 593 1157 (1)
611 1119 742 1157 portum
763 1112 892 1144 Mutum
913 1110 1059 1149 accessit,
1081 1107 1319 1152 speculaturus,
1341 1106 1404 1149 qua
1421 1111 1511 1149 parte

173 1174 318 1217 angustia
346 1169 523 1215 peninsulae
550 1169 646 1200 Piraei
679 1166 932 1199 commodissime
959 1176 1052 1196 muro
1080 1162 1254 1194 intercludi
1283 1167 1397 1205 posset.
1431 1160 1511 1192 Inde

173 1227 380 1260 recedentem
410 1236 485 1256 cum
516 1221 667 1254 nonnulli
694 1232 734 1252 ex
762 1221 863 1251 Piraeo
889 1223 1094 1250 accurrentes
1119 1221 1325 1260 premerent,
1364 1220 1514 1258 gravatus

173 1282 265 1326 jussit
284 1280 408 1322 equites
426 1277 522 1320 pleno
544 1287 641 1307 cursu
661 1275 820 1318 impetum
842 1275 876 1304 in
897 1284 950 1304 eos
974 1272 1100 1311 facere,
1126 1269 1314 1313 peditesque
1338 1268 1425 1307 illos,
1456 1268 1514 1310 qui

175 1336 288 1367 decem
308 1333 347 1364 ab
372 1331 503 1375 ephebis
529 1340 628 1360 annos
646 1334 794 1371 agerent,
823 1326 986 1370 equitibus
1010 1337 1042 1357 se
1069 1324 1262 1369 adjungere,
1290 1333 1366 1354 cum
1393 1321 1514 1353 caeteris

175 1390 243 1432 ipse
264 1385 469 1430 sequebatur.
500 1383 549 1416 Ab
572 1383 622 1414 his
648 1383 775 1413 circiter
798 1382 929 1423 triginta
951 1380 1063 1414 velites
1084 1378 1172 1418 caesi3
1197 1376 1317 1419 reliqui
1338 1376 1373 1406 in
1402 1375 1515 1418 fugam

175 1442 276 1476 versi:
302 1451 381 1483 quos
396 1439 560 1471 Pausaniae
576 1436 692 1468 milites
712 1435 752 1467 ad
773 1435 937 1466 theatrum
955 1444 1077 1476 usque,
1097 1430 1190 1474 quod'
1205 1431 1239 1461 in
1259 1430 1376 1468 Piraeo,
1397 1429 1463 1460 sive
1481 1428 1516 1458 in

177 1501 269 1539 parte
284 1495 353 1539 ejus
366 1492 541 1536 Munychia
554 1497 639 1531 erat,
654 1495 729 1521 sunt
746 1489 916 1533 persecuti.
939 1487 986 1518 lbi
1001 1498 1034 1518 se
1056 1492 1127 1517 tum
1148 1485 1231 1515 forte
1249 1483 1391 1525 peltastae
1407 1492 1517 1513 omues

178 1561 216 1581 ac
232 1549 377 1588 scutarii,
399 1548 455 1590 qui
479 1547 514 1578 in
535 1547 640 1577 Piraeo
664 1550 773 1584 erant,
798 1542 981 1575 armabant:
1006 1541 1055 1572 illi
1075 1538 1223 1582 quidem,
1248 1537 1305 1579 qui
1330 1535 1445 1568 leviter
1463 1546 1517 1565 ar*

180 1602 259 1634 mati
278 1606 385 1640 erant,
407 1601 513 1632 statim
533 1603 758 1637 excurrenteS,
784 1595 915 1640 jaculis,
941 1593 1077 1636 sagittis,
1105 1590 1280 1632 fundisque
1305 1599 1357 1620 eos
1382 1587 1519 1619 infesta—

179 1656 269 1688 bant.
295 1656 434 1686 Lacones
460 1664 554 1692 vero,
581 1662 685 1695 quum
709 1650 895 1692 frequentes
917 1647 1079 1680 vulnerati
1107 1649 1227 1683 essent,
1254 1642 1394 1686 graviter
1418 1641 1518 1684 pressi

181 1709 297 1741 sensim
317 1708 433 1751 pedem
451 1705 644 1738 referebant.
665 1704 740 1743 Quo
760 1703 844 1734 facto
865 1702 913 1733 illi
933 1701 1036 1733 multo
1051 1699 1152 1742 magis
1170 1709 1222 1729 eos
1243 1701 1411 1740 urgentes,
1435 1700 1518 1726 stra-

181 1775 256 1807 gem
281 1762 423 1805 aliquam
448 1761 635 1799 ediderunt,
657 1759 692 1790 in
713 1757 777 1802 qua
803 1757 937 1789 Chaeson
956 1761 989 1787 et
1009 1752 1229 1791 Thibrachus,
1258 1756 1397 1792 uterque
1422 1747 1519 1779 Pole-

182 1815 349 1855 marchUS,
372 1821 404 1846 et
422 1816 569 1846 Lacrates
584 1812 699 1844 nobilis
718 1811 947 1856 Olympionices
968 1808 1166 1847 occubuere,
1188 1816 1262 1837 cum
1282 1803 1350 1834 aliis
1369 1800 1521 1833 Lacedae-

183 1870 317 1911 moniis,
339 1869 396 1913 qui
417 1875 525 1913 postea
545 1879 654 1899 omnes
674 1874 748 1899 ante
767 1872 873 1910 portas
889 1866 923 1897 in
945 1862 1108 1895 Ceramico
1128 1860 1212 1891 terra
1231 1856 1350 1889 conditi
1369 1860 1445 1887 sunt
1459 1853 1517 1896 (2).

181 1924 266 1965 Quae
288 1934 422 1955 cernens
442 1922 662 1966 Thrasybulus
684 1933 759 1954 cum
779 1921 911 1964 reliquis
932 1919 1036 1963 gravis
1058 1920 1227 1947 armaturae
1250 1909 1404 1942 militibus
1425 1919 1520 1951 opem

186 1968 1520 1995 ,M

244 2017 283 2047 (1)
300 2016 360 2041 Vid.
382 2015 512 2047 lVytteub.
529 2023 552 2038 ο.
565 2015 582 2038 l.
603 2022 627 2045 p.
645 2015 700 2037 415.

245 2057 285 2087 (2)
301 2056 340 2080 Cf.
357 2057 462 2088 Lysias,
481 2056 508 2080 in
523 2055 633 2080 Funebr.
650 2059 712 2079 orat.
729 2055 755 2079 ι’1ι
774 2053 883 2078 Corinth.
899 2059 948 2076 soc.
962 2059 987 2083 p.
1007 2050 1045 2073 61.
