1820 2568
773 190 788 230 (
812 189 830 219 3
855 189 870 229 )

204 268 466 312 operationibus
501 262 708 306 Chirurgicis
736 262 771 291 in
800 261 1003 291 Nosocomio
1030 260 1242 291 Academico
1265 257 1403 298 vacabit,
1431 258 1493 288 eis—

156 325 229 356 dem
246 322 371 355 diebus:
391 326 544 363 praeterea
561 314 842 349 exercitationibus
857 314 1056 357 Chirurgicis
1072 314 1223 344 interesse
1239 317 1371 355 possunt
1384 321 1493 342 omnes

158 377 324 409 Medicinae
356 373 540 411 Candidati,
578 370 656 401 adeo
688 375 726 400 ut
756 368 874 411 singuli
903 368 942 399 ad
972 368 1170 410 operationes
1204 366 1408 407 Chirurgicas
1435 363 1494 395 sub

155 430 301 473 auspiciis
324 427 512 459 Professoris
528 423 687 456 iterandas
703 429 735 454 et
753 421 958 465 exequendas
978 422 1205 471 admittantur,
1229 418 1340 450 diebus
1357 423 1389 449 et
1409 417 1494 448 horis

154 490 260 528 postea
282 494 339 525 pro
360 480 545 512 auditorum
570 477 735 509 commodo
758 476 946 509 indicandis.

195 536 316 568 Eadem
342 533 437 573 hora,
469 532 580 564 diebus
602 531 726 570 Martis,
753 531 840 562 Jovis
862 536 895 561 et
917 530 1064 568 Saturni,
1090 527 1328 559 Institzttiones
1354 525 1491 556 Chirur-

152 591 250 633 gicas
276 590 310 619 iu
334 587 455 619 aed1bus
481 586 679 617 Academicis
700 584 836 615 docebit.

197 644 327 673 Artem
367 640 630 676 Obstetrieiam,
675 638 786 669 diebus
820 637 973 669 Mercurii
1003 642 1035 667 et
1071 634 1226 672 Veneris,
1266 630 1344 662 hora
1375 629 1496 672 quinta*

149 695 403 737 pomeridianfi,
435 699 584 736 exponet.

197 750 245 780 De
268 749 401 780 Morbis
435 748 549 783 Cutis,
583 746 695 777 diebus
715 752 745 777 et
768 746 853 777 horis
879 745 1032 782 definitis,
1061 740 1225 785 speciatim
1250 748 1343 781 agere
1369 741 1491 779 perget.

198 802 233 833 C.
258 802 347 832 VAN
372 800 576 831 COETSEM.
603 798 698 841 Prof.
716 799 896 830 Extrczord.
922 797 1042 829 Diebus
1053 797 1154 826 Lunae
1166 800 1198 825 et
1214 792 1337 831 Martis,
1354 789 1431 821 hora
1444 789 1493 828 X,

156 857 207 887 die
226 856 362 886 Veneris
382 860 490 884 autem
511 853 588 883 hora
608 853 646 882 II.
664 851 898 894 pomeridiana,
925 849 1136 881 Medicinam
1151 846 1325 889 forensem
1345 847 1494 886 exponet.

198 908 320 940 Diebus
340 909 456 946 Lunae,
480 906 587 937 Martis
610 912 642 936 et
662 905 830 943 Mercurii,
855 902 932 934 hora
958 902 1021 940 XI,
1045 900 1084 932 de
1106 899 1239 931 Morbis
1262 896 1439 939 Infantiam
1464 900 1499 925 et

152 961 356 1004 feminarum
377 960 540 1001 speciatim
567 964 649 1000 aget.

199 1015 356 1044 Praeterea
387 1011 592 1041 Tabularum
621 1010 826 1038 Clinicarnm
846 1009 879 1037 in
904 1006 1091 1036 Nosocomio
1116 1002 1338 1035 faciendarum
1365 1011 1492 1039 curam,

118 1073 121 1076 '
155 1064 214 1096 sub
235 1063 383 1106 auspiciis
405 1061 451 1092 Cl.
476 1061 563 1092 Prof.
598 1061 686 1092 Van
706 1059 922 1096 Rotterdam,
950 1061 1050 1102 geret.

295 1165 426 1213 Ordo
462 1164 917 1211 Matlzematicorum
952 1172 996 1207 et
1032 1161 1360 1224 Physioorum.

198 1282 228 1313 J.
262 1281 301 1312 G.
336 1279 532 1310 GARNIER.
571 1277 692 1309 Diebus
720 1275 822 1315 Jovis,
856 1276 991 1306 Veneris
1019 1281 1051 1306 et
1080 1274 1226 1313 Saturni,
1260 1272 1337 1303 hora
1370 1272 1494 1314 qzcartci

152 1332 386 1379 pomeridiana,
420 1333 599 1363 Elementa
636 1330 834 1362 Matheseos
865 1328 1059 1372 explicabit3
1092 1327 1204 1358 diebus
1236 1327 1353 1364 Lunae,
1385 1324 1494 1355 Martis

152 1395 185 1420 et
202 1387 370 1427 Mercurii,
398 1386 477 1417 hora
507 1385 631 1428 quarta}
658 1379 895 1427 pomeridiana,
932 1383 1036 1415 tradet
1068 1382 1289 1414 Geometriczm
1316 1380 1494 1421 descripti-

153 1453 229 1472 vam
253 1441 470 1484 (Ge'ome‘trie
493 1438 732 1480 descriptive),
759 1439 943 1480 Anatysin
962 1437 1217 1480 Algebra‘icam
1247 1433 1494 1465 Generaliorem

153 1506 287 1537 eamque
323 1494 521 1524 Geometrioe
553 1492 743 1535 applicatam
773 1497 806 1522 et
836 1491 1013 1521 Elementa
1045 1489 1210 1526 Statice55
1239 1486 1351 1517 diebus
1373 1487 1491 1523 Lunae,

152 1548 274 1586 Martis,
302 1547 437 1577 Veneris
460 1552 492 1577 et
515 1546 660 1583 Saturni,
687 1545 765 1575 hora
787 1545 894 1580 nond,
923 1543 1160 1574 Institutiones
1183 1540 1309 1570 calculi
1333 1538 1369 1568 cli
1398 1548 1491 1568 eren-

156 1601 250 1631 tialis
274 1606 307 1631 et
331 1600 507 1642 integralis
537 1604 571 1629 et
597 1598 834 1629 Mechanicam
865 1596 1076 1626 theoreticam
1107 1603 1277 1633 corporum
1309 1590 1489 1620 solidorum

153 1661 187 1685 et
193 1654 381 1695 fluidorum
405 1652 563 1683 tractabit.

196 1707 371 1745 Praeterea,
397 1717 456 1748 pro
480 1704 673 1736 Auditorum
699 1700 888 1740 commodis,
915 1700 1076 1731 Professor
1098 1697 1248 1740 suscipiet
1269 1696 1420 1727 lectiones
1451 1694 1490 1725 de

152 1761 380 1792 Astrononzia
396 1760 542 1800 physica
567 1763 599 1788 et
619 1755 867 1788 mathematica.

197 1813 232 1843 C.
249 1813 284 1844 F.
301 1812 453 1843 HAUFF.
470 1811 591 1842 Diebus
601 1811 715 1848 Lunae,
728 1809 879 1840 Mercurii
890 1814 922 1839 et
932 1807 1082 1845 Veneris,
1100 1805 1175 1836 hor&
1188 1804 1379 1839 undecimci,
1395 1802 1485 1843 Phy-

152 1869 274 1905 sicam,·
285 1866 396 1897 diebus
406 1877 480 1898 vero
491 1865 614 1903 Martis,
626 1864 713 1895 Jovis
721 1869 752 1894 et
763 1863 907 1901 Saturni,
917 1861 1032 1892 eedem
1044 1859 1135 1898 hora,
1149 1859 1317 1889 Chemiam
1331 1855 1486 1887 tractabit.

196 1920 226 1951 J.
252 1920 293 1951 G.
317 1920 349 1950 S.
374 1918 462 1950 VAN
486 1918 637 1949 BREDA.
668 1917 871 1948 Botam'cam
890 1914 1015 1947 docebit
1036 1912 1146 1944 diebus
1170 1911 1273 1950 Jovis,
1298 1909 1433 1941 Veneris
1455 1914 1488 1938 ct

153 1974 298 2019 Saturni,
323 1973 400 2004 hora
422 1973 452 2003 II
475 1970 704 2015 pomeridiana.

197 2027 388 2067 Historiam
409 2026 610 2056 Natat-alem
630 2030 769 2067 exponet
789 2024 840 2056 die
860 2023 965 2063 Jovis,
987 2020 1064 2052 hora
1083 2019 1131 2059 X,
1159 2024 1190 2050 at
1216 2017 1327 2049 diebus
1351 2015 1486 2047 Veneris

154 2085 186 2110 et
206 2079 350 2119 Saturni,
376 2079 455 2110 hora
474 2079 533 2110 HL
