<?xml version="1.0" encoding="UTF-8"?>
<!DOCTYPE html PUBLIC "-//W3C//DTD XHTML 1.0 Transitional//EN"
    "http://www.w3.org/TR/xhtml1/DTD/xhtml1-transitional.dtd">
<html xmlns="http://www.w3.org/1999/xhtml" xml:lang="en" lang="en">
 <head>
  <title>
</title>
<meta http-equiv="Content-Type" content="text/html;charset=utf-8" />
  <meta name='ocr-system' content='tesseract 3.04.00' />
  <meta name='ocr-capabilities' content='ocr_page ocr_carea ocr_par ocr_line ocrx_word'/>
</head>
<body>
  <div class='ocr_page' id='page_1' title='image "annalesacademiae24gand_0292.png"; bbox 0 0 1763 2511; ppageno 0'>
   <div class='ocr_carea' id='block_1_1' title="bbox 272 169 1600 294">
    <p class='ocr_par' dir='ltr' id='par_1_1' title="bbox 272 169 1600 294">
     <span class='ocr_line' id='line_1_1' title="bbox 873 169 991 211; baseline -0.008 0"><span class='ocrx_word' id='word_1_1' title='bbox 873 170 888 211; x_wconf 93' lang='lat'>(</span> <span class='ocrx_word' id='word_1_2' title='bbox 913 169 953 200; x_wconf 81' lang='lat'>52</span> <span class='ocrx_word' id='word_1_3' title='bbox 975 169 991 210; x_wconf 84' lang='lat'>)</span> 
     </span>
     <span class='ocr_line' id='line_1_2' title="bbox 272 241 1600 294; baseline -0.003 -13"><span class='ocrx_word' id='word_1_4' title='bbox 272 247 478 294; x_wconf 83' lang='lat' dir='ltr'>jurejurando</span> <span class='ocrx_word' id='word_1_5' title='bbox 499 257 531 278; x_wconf 91' lang='lat' dir='ltr'>se</span> <span class='ocrx_word' id='word_1_6' title='bbox 552 246 748 288; x_wconf 81' lang='lat' dir='ltr'>obstringant</span> <span class='ocrx_word' id='word_1_7' title='bbox 765 243 884 286; x_wconf 73' lang='lat' dir='ltr'>(veluti</span> <span class='ocrx_word' id='word_1_8' title='bbox 903 242 950 274; x_wconf 92' lang='lat' dir='ltr'>illi</span> <span class='ocrx_word' id='word_1_9' title='bbox 966 243 1022 285; x_wconf 89' lang='lat' dir='ltr'>qui</span> <span class='ocrx_word' id='word_1_10' title='bbox 1041 241 1205 280; x_wconf 87' lang='lat' dir='ltr'>Quackers</span> <span class='ocrx_word' id='word_1_11' title='bbox 1223 242 1393 286; x_wconf 84' lang='lat' dir='ltr'>dicuntur)</span> <span class='ocrx_word' id='word_1_12' title='bbox 1415 244 1508 277; x_wconf 82' lang='lat' dir='ltr'>etiam</span> <span class='ocrx_word' id='word_1_13' title='bbox 1527 246 1600 277; x_wconf 77' lang='lat' dir='ltr'>sine</span> 
     </span>
    </p>
   </div>
   <div class='ocr_carea' id='block_1_2' title="bbox 272 296 1594 392">
    <p class='ocr_par' dir='ltr' id='par_1_2' title="bbox 272 296 1594 392">
     <span class='ocr_line' id='line_1_3' title="bbox 272 296 1594 339; baseline -0.005 -5"><span class='ocrx_word' id='word_1_14' title='bbox 272 304 324 334; x_wconf 83' lang='lat' dir='ltr'>illa</span> <span class='ocrx_word' id='word_1_15' title='bbox 346 302 543 333; x_wconf 75' lang='lat' dir='ltr'><strong>solemnitate</strong></span> <span class='ocrx_word' id='word_1_16' title='bbox 565 298 752 331; x_wconf 83' lang='lat' dir='ltr'>admittendi</span> <span class='ocrx_word' id='word_1_17' title='bbox 773 304 863 337; x_wconf 85' lang='lat' dir='ltr'>sunt,</span> <span class='ocrx_word' id='word_1_18' title='bbox 880 296 973 328; x_wconf 89' lang='lat' dir='ltr'>modo</span> <span class='ocrx_word' id='word_1_19' title='bbox 991 302 1097 327; x_wconf 85' lang='lat' dir='ltr'>sancte</span> <span class='ocrx_word' id='word_1_20' title='bbox 1112 296 1330 339; x_wconf 84' lang='lat' dir='ltr'><strong>promiserint,</strong></span> <span class='ocrx_word' id='word_1_21' title='bbox 1345 307 1378 328; x_wconf 89' lang='lat' dir='ltr'>se</span> <span class='ocrx_word' id='word_1_22' title='bbox 1394 308 1594 331; x_wconf 24' lang='lat' dir='ltr'>omnemsve-</span> 
     </span>
     <span class='ocr_line' id='line_1_4' title="bbox 274 349 1152 392; baseline -0.009 -4"><span class='ocrx_word' id='word_1_23' title='bbox 274 358 400 388; x_wconf 80' lang='lat' dir='ltr'>ritatem</span> <span class='ocrx_word' id='word_1_24' title='bbox 427 361 458 387; x_wconf 83' lang='lat' dir='ltr'>et</span> <span class='ocrx_word' id='word_1_25' title='bbox 476 354 556 386; x_wconf 84' lang='lat' dir='ltr'><strong>nihil</strong></span> <span class='ocrx_word' id='word_1_26' title='bbox 578 354 637 384; x_wconf 83' lang='lat' dir='ltr'>nisi</span> <span class='ocrx_word' id='word_1_27' title='bbox 662 353 829 385; x_wconf 84' lang='lat' dir='ltr'>veritatem</span> <span class='ocrx_word' id='word_1_28' title='bbox 850 361 915 382; x_wconf 83' lang='lat' dir='ltr'>esse</span> <span class='ocrx_word' id='word_1_29' title='bbox 937 350 1077 382; x_wconf 86' lang='lat' dir='ltr'>dicturos</span> <span class='ocrx_word' id='word_1_30' title='bbox 1094 349 1152 392; x_wconf 86' lang='lat'>(1).</span> 
     </span>
    </p>
   </div>
   <div class='ocr_carea' id='block_1_3' title="bbox 583 462 1292 588">
    <p class='ocr_par' dir='ltr' id='par_1_3' title="bbox 583 462 1292 588">
     <span class='ocr_line' id='line_1_5' title="bbox 888 462 997 504; baseline 0 -11"><span class='ocrx_word' id='word_1_31' title='bbox 888 462 912 504; x_wconf 63' lang='lat' dir='ltr'>g</span> <span class='ocrx_word' id='word_1_32' title='bbox 945 463 997 495; x_wconf 80' lang='lat'>27.</span> 
     </span>
     <span class='ocr_line' id='line_1_6' title="bbox 583 547 1292 588; baseline -0.007 -6"><span class='ocrx_word' id='word_1_33' title='bbox 583 552 639 583; x_wconf 83' lang='lat' dir='ltr'>De</span> <span class='ocrx_word' id='word_1_34' title='bbox 663 550 803 581; x_wconf 76' lang='lat' dir='ltr'>testibus</span> <span class='ocrx_word' id='word_1_35' title='bbox 828 559 938 580; x_wconf 83' lang='lat' dir='ltr'>coram</span> <span class='ocrx_word' id='word_1_36' title='bbox 963 547 1210 588; x_wconf 67' lang='lat' dir='ltr'>interrogandis</span> <span class='ocrx_word' id='word_1_37' title='bbox 1233 547 1292 588; x_wconf 84' lang='lat'>(2).</span> 
     </span>
    </p>
   </div>
   <div class='ocr_carea' id='block_1_4' title="bbox 272 631 1609 1476">
    <p class='ocr_par' dir='ltr' id='par_1_4' title="bbox 272 631 1609 1476">
     <span class='ocr_line' id='line_1_7' title="bbox 316 631 1601 680; baseline -0.005 -10"><span class='ocrx_word' id='word_1_38' title='bbox 316 639 353 670; x_wconf 92' lang='lat' dir='ltr'>In</span> <span class='ocrx_word' id='word_1_39' title='bbox 375 639 436 670; x_wconf 87' lang='lat' dir='ltr'>hoc</span> <span class='ocrx_word' id='word_1_40' title='bbox 461 638 630 680; x_wconf 81' lang='lat' dir='ltr'>requisito,</span> <span class='ocrx_word' id='word_1_41' title='bbox 652 642 691 668; x_wconf 87' lang='lat' dir='ltr'>ut</span> <span class='ocrx_word' id='word_1_42' title='bbox 709 636 794 667; x_wconf 81' lang='lat' dir='ltr'>testis</span> <span class='ocrx_word' id='word_1_43' title='bbox 815 645 919 664; x_wconf 85' lang='lat' dir='ltr'>coram</span> <span class='ocrx_word' id='word_1_44' title='bbox 939 633 1171 674; x_wconf 79' lang='lat' dir='ltr'><strong>interrogetur,</strong></span> <span class='ocrx_word' id='word_1_45' title='bbox 1193 637 1226 662; x_wconf 87' lang='lat' dir='ltr'>et</span> <span class='ocrx_word' id='word_1_46' title='bbox 1242 631 1281 662; x_wconf 89' lang='lat' dir='ltr'>ad</span> <span class='ocrx_word' id='word_1_47' title='bbox 1299 632 1436 674; x_wconf 88' lang='lat' dir='ltr'>singulas</span> <span class='ocrx_word' id='word_1_48' title='bbox 1452 633 1601 676; x_wconf 80' lang='lat' dir='ltr'>quaestio—</span> 
     </span>
     <span class='ocr_line' id='line_1_8' title="bbox 272 684 1601 734; baseline -0.005 -10"><span class='ocrx_word' id='word_1_49' title='bbox 272 704 329 724; x_wconf 88' lang='lat' dir='ltr'>nes</span> <span class='ocrx_word' id='word_1_50' title='bbox 349 692 472 734; x_wconf 84' lang='lat' dir='ltr'>singula</span> <span class='ocrx_word' id='word_1_51' title='bbox 503 701 649 732; x_wconf 84' lang='lat' dir='ltr'>responsa</span> <span class='ocrx_word' id='word_1_52' title='bbox 674 690 749 719; x_wconf 89' lang='lat' dir='ltr'>dare</span> <span class='ocrx_word' id='word_1_53' title='bbox 770 692 919 728; x_wconf 81' lang='lat' dir='ltr'>cogatur,</span> <span class='ocrx_word' id='word_1_54' title='bbox 945 685 1122 726; x_wconf 89' lang='lat' dir='ltr'>plurimum</span> <span class='ocrx_word' id='word_1_55' title='bbox 1149 684 1286 727; x_wconf 72' lang='lat' dir='ltr'>praesidii</span> <span class='ocrx_word' id='word_1_56' title='bbox 1312 684 1351 715; x_wconf 84' lang='lat' dir='ltr'>ad</span> <span class='ocrx_word' id='word_1_57' title='bbox 1371 686 1601 727; x_wconf 80' lang='lat' dir='ltr'><strong>experiundam</strong></span> 
     </span>
     <span class='ocr_line' id='line_1_9' title="bbox 273 736 1601 779; baseline -0.005 -3"><span class='ocrx_word' id='word_1_58' title='bbox 273 745 446 776; x_wconf 85' lang='lat' dir='ltr'>testimonii</span> <span class='ocrx_word' id='word_1_59' title='bbox 469 744 636 773; x_wconf 85' lang='lat' dir='ltr'>veritatem</span> <span class='ocrx_word' id='word_1_60' title='bbox 666 742 758 770; x_wconf 83' lang='lat' dir='ltr'>inest.</span> <span class='ocrx_word' id='word_1_61' title='bbox 795 739 1010 779; x_wconf 85' lang='lat' dir='ltr'>Quacumque</span> <span class='ocrx_word' id='word_1_62' title='bbox 1036 747 1075 767; x_wconf 82' lang='lat' dir='ltr'>ex</span> <span class='ocrx_word' id='word_1_63' title='bbox 1101 742 1190 779; x_wconf 88' lang='lat' dir='ltr'>parte</span> <span class='ocrx_word' id='word_1_64' title='bbox 1214 736 1431 768; x_wconf 84' lang='lat' dir='ltr'>testimonium</span> <span class='ocrx_word' id='word_1_65' title='bbox 1459 737 1601 778; x_wconf 84' lang='lat' dir='ltr'>deficiat,</span> 
     </span>
     <span class='ocr_line' id='line_1_10' title="bbox 275 789 1603 841; baseline -0.008 -12"><span class='ocrx_word' id='word_1_66' title='bbox 275 798 342 841; x_wconf 78' lang='lat' dir='ltr'>ejus</span> <span class='ocrx_word' id='word_1_67' title='bbox 369 797 482 829; x_wconf 83' lang='lat' dir='ltr'>vitium</span> <span class='ocrx_word' id='word_1_68' title='bbox 507 793 762 837; x_wconf 79' lang='lat' dir='ltr'>interrogationis</span> <span class='ocrx_word' id='word_1_69' title='bbox 786 802 846 834; x_wconf 92' lang='lat' dir='ltr'>ope</span> <span class='ocrx_word' id='word_1_70' title='bbox 867 791 1059 834; x_wconf 87' lang='lat' dir='ltr'>plerumque</span> <span class='ocrx_word' id='word_1_71' title='bbox 1080 789 1250 832; x_wconf 79' lang='lat' dir='ltr'>detegitur.</span> <span class='ocrx_word' id='word_1_72' title='bbox 1274 790 1307 819; x_wconf 92' lang='lat' dir='ltr'>Si</span> <span class='ocrx_word' id='word_1_73' title='bbox 1325 790 1411 820; x_wconf 87' lang='lat' dir='ltr'>testis</span> <span class='ocrx_word' id='word_1_74' title='bbox 1436 789 1518 820; x_wconf 89' lang='lat' dir='ltr'>bona</span> <span class='ocrx_word' id='word_1_75' title='bbox 1541 789 1603 820; x_wconf 87' lang='lat' dir='ltr'>fide</span> 
     </span>
     <span class='ocr_line' id='line_1_11' title="bbox 274 841 1605 887; baseline -0.006 -6"><span class='ocrx_word' id='word_1_76' title='bbox 274 852 307 881; x_wconf 90' lang='lat' dir='ltr'>in</span> <span class='ocrx_word' id='word_1_77' title='bbox 331 861 437 881; x_wconf 89' lang='lat' dir='ltr'>errore</span> <span class='ocrx_word' id='word_1_78' title='bbox 454 854 614 887; x_wconf 80' lang='lat' dir='ltr'>versatur,</span> <span class='ocrx_word' id='word_1_79' title='bbox 637 853 670 878; x_wconf 90' lang='lat' dir='ltr'>et</span> <span class='ocrx_word' id='word_1_80' title='bbox 688 857 801 879; x_wconf 85' lang='lat' dir='ltr'>verum</span> <span class='ocrx_word' id='word_1_81' title='bbox 822 844 923 875; x_wconf 89' lang='lat' dir='ltr'>credit</span> <span class='ocrx_word' id='word_1_82' title='bbox 942 842 1027 885; x_wconf 89' lang='lat' dir='ltr'>quod</span> <span class='ocrx_word' id='word_1_83' title='bbox 1048 841 1164 874; x_wconf 89' lang='lat' dir='ltr'>falsum</span> <span class='ocrx_word' id='word_1_84' title='bbox 1184 847 1244 882; x_wconf 86' lang='lat' dir='ltr'>est,</span> <span class='ocrx_word' id='word_1_85' title='bbox 1266 841 1364 886; x_wconf 85' lang='lat' dir='ltr'>judex</span> <span class='ocrx_word' id='word_1_86' title='bbox 1385 852 1461 873; x_wconf 89' lang='lat' dir='ltr'>eum</span> <span class='ocrx_word' id='word_1_87' title='bbox 1481 843 1605 873; x_wconf 84' lang='lat' dir='ltr'>exami-</span> 
     </span>
     <span class='ocr_line' id='line_1_12' title="bbox 276 895 1605 944; baseline -0.008 -9"><span class='ocrx_word' id='word_1_88' title='bbox 276 903 395 943; x_wconf 80' lang='lat' dir='ltr'>nando,</span> <span class='ocrx_word' id='word_1_89' title='bbox 418 909 451 934; x_wconf 89' lang='lat' dir='ltr'>et</span> <span class='ocrx_word' id='word_1_90' title='bbox 470 902 557 934; x_wconf 86' lang='lat' dir='ltr'>unde</span> <span class='ocrx_word' id='word_1_91' title='bbox 573 901 611 932; x_wconf 90' lang='lat' dir='ltr'>ad</span> <span class='ocrx_word' id='word_1_92' title='bbox 628 900 696 944; x_wconf 85' lang='lat' dir='ltr'>ejus</span> <span class='ocrx_word' id='word_1_93' title='bbox 715 900 791 930; x_wconf 89' lang='lat' dir='ltr'>facti</span> <span class='ocrx_word' id='word_1_94' title='bbox 807 896 892 940; x_wconf 88' lang='lat' dir='ltr'>quod</span> <span class='ocrx_word' id='word_1_95' title='bbox 912 896 1028 935; x_wconf 77' lang='lat' dir='ltr'>refert,</span> <span class='ocrx_word' id='word_1_96' title='bbox 1045 895 1259 938; x_wconf 75' lang='lat' dir='ltr'>cognitionem</span> <span class='ocrx_word' id='word_1_97' title='bbox 1273 895 1473 937; x_wconf 84' lang='lat' dir='ltr'>pervenerit,</span> <span class='ocrx_word' id='word_1_98' title='bbox 1494 895 1605 937; x_wconf 90' lang='lat' dir='ltr'>inqui—</span> 
     </span>
     <span class='ocr_line' id='line_1_13' title="bbox 278 948 1605 995; baseline -0.007 -7"><span class='ocrx_word' id='word_1_99' title='bbox 278 956 394 995; x_wconf 76' lang='lat' dir='ltr'>rendo,</span> <span class='ocrx_word' id='word_1_100' title='bbox 416 956 530 986; x_wconf 87' lang='lat' dir='ltr'>erroris</span> <span class='ocrx_word' id='word_1_101' title='bbox 546 965 672 985; x_wconf 86' lang='lat' dir='ltr'>causam</span> <span class='ocrx_word' id='word_1_102' title='bbox 687 953 858 995; x_wconf 84' lang='lat' dir='ltr'>ipsumque</span> <span class='ocrx_word' id='word_1_103' title='bbox 878 961 1017 982; x_wconf 89' lang='lat' dir='ltr'>errorem</span> <span class='ocrx_word' id='word_1_104' title='bbox 1038 949 1133 981; x_wconf 88' lang='lat' dir='ltr'>facile</span> <span class='ocrx_word' id='word_1_105' title='bbox 1156 948 1377 992; x_wconf 84' lang='lat' dir='ltr'>deprehendit.</span> <span class='ocrx_word' id='word_1_106' title='bbox 1398 949 1430 979; x_wconf 93' lang='lat' dir='ltr'>Si</span> <span class='ocrx_word' id='word_1_107' title='bbox 1451 948 1528 979; x_wconf 86' lang='lat' dir='ltr'>falsa</span> <span class='ocrx_word' id='word_1_108' title='bbox 1550 954 1605 980; x_wconf 88' lang='lat' dir='ltr'>aut</span> 
     </span>
     <span class='ocr_line' id='line_1_14' title="bbox 274 1002 1604 1051; baseline -0.008 -9"><span class='ocrx_word' id='word_1_109' title='bbox 274 1010 402 1042; x_wconf 85' lang='lat' dir='ltr'>inutilia</span> <span class='ocrx_word' id='word_1_110' title='bbox 423 1007 642 1051; x_wconf 84' lang='lat' dir='ltr'>respondendo</span> <span class='ocrx_word' id='word_1_111' title='bbox 662 1007 828 1039; x_wconf 82' lang='lat' dir='ltr'>veritatem</span> <span class='ocrx_word' id='word_1_112' title='bbox 851 1004 953 1035; x_wconf 90' lang='lat' dir='ltr'>celare</span> <span class='ocrx_word' id='word_1_113' title='bbox 974 1009 1006 1035; x_wconf 89' lang='lat' dir='ltr'>et</span> <span class='ocrx_word' id='word_1_114' title='bbox 1026 1003 1166 1047; x_wconf 85' lang='lat' dir='ltr'>judicem</span> <span class='ocrx_word' id='word_1_115' title='bbox 1187 1002 1334 1045; x_wconf 86' lang='lat' dir='ltr'>decipere</span> <span class='ocrx_word' id='word_1_116' title='bbox 1357 1007 1504 1041; x_wconf 84' lang='lat' dir='ltr'>conatur,</span> <span class='ocrx_word' id='word_1_117' title='bbox 1531 1013 1604 1032; x_wconf 85' lang='lat' dir='ltr'>mox</span> 
     </span>
     <span class='ocr_line' id='line_1_15' title="bbox 274 1054 1604 1104; baseline -0.008 -9"><span class='ocrx_word' id='word_1_118' title='bbox 274 1075 349 1095; x_wconf 86' lang='lat' dir='ltr'>eum</span> <span class='ocrx_word' id='word_1_119' title='bbox 375 1064 584 1104; x_wconf 84' lang='lat' dir='ltr'>interrogator</span> <span class='ocrx_word' id='word_1_120' title='bbox 608 1060 770 1103; x_wconf 86' lang='lat' dir='ltr'>elinguem</span> <span class='ocrx_word' id='word_1_121' title='bbox 794 1058 918 1098; x_wconf 85' lang='lat' dir='ltr'>reddit,</span> <span class='ocrx_word' id='word_1_122' title='bbox 943 1063 976 1089; x_wconf 89' lang='lat' dir='ltr'>et</span> <span class='ocrx_word' id='word_1_123' title='bbox 1001 1068 1038 1088; x_wconf 88' lang='lat' dir='ltr'>eo</span> <span class='ocrx_word' id='word_1_124' title='bbox 1059 1057 1206 1096; x_wconf 81' lang='lat' dir='ltr'>deducit,</span> <span class='ocrx_word' id='word_1_125' title='bbox 1229 1062 1267 1087; x_wconf 83' lang='lat' dir='ltr'>ut</span> <span class='ocrx_word' id='word_1_126' title='bbox 1290 1066 1322 1087; x_wconf 89' lang='lat' dir='ltr'>se</span> <span class='ocrx_word' id='word_1_127' title='bbox 1342 1056 1409 1099; x_wconf 88' lang='lat' dir='ltr'>ipse</span> <span class='ocrx_word' id='word_1_128' title='bbox 1433 1054 1546 1098; x_wconf 86' lang='lat' dir='ltr'>prodat</span> <span class='ocrx_word' id='word_1_129' title='bbox 1571 1060 1604 1086; x_wconf 86' lang='lat' dir='ltr'>et</span> 
     </span>
     <span class='ocr_line' id='line_1_16' title="bbox 275 1107 1608 1154; baseline -0.007 -7"><span class='ocrx_word' id='word_1_130' title='bbox 275 1127 389 1149; x_wconf 88' lang='lat' dir='ltr'>verum</span> <span class='ocrx_word' id='word_1_131' title='bbox 413 1116 532 1147; x_wconf 84' lang='lat' dir='ltr'>invitus</span> <span class='ocrx_word' id='word_1_132' title='bbox 563 1114 718 1152; x_wconf 76' lang='lat' dir='ltr'>fateatur,</span> <span class='ocrx_word' id='word_1_133' title='bbox 747 1112 798 1145; x_wconf 83' lang='lat' dir='ltr'>vel</span> <span class='ocrx_word' id='word_1_134' title='bbox 824 1112 963 1154; x_wconf 88' lang='lat' dir='ltr'>denique</span> <span class='ocrx_word' id='word_1_135' title='bbox 988 1111 1093 1153; x_wconf 86' lang='lat' dir='ltr'>ipsum</span> <span class='ocrx_word' id='word_1_136' title='bbox 1118 1109 1176 1141; x_wconf 88' lang='lat' dir='ltr'>sibi</span> <span class='ocrx_word' id='word_1_137' title='bbox 1201 1109 1353 1152; x_wconf 86' lang='lat' dir='ltr'>opponit,</span> <span class='ocrx_word' id='word_1_138' title='bbox 1384 1114 1422 1140; x_wconf 91' lang='lat' dir='ltr'>ut</span> <span class='ocrx_word' id='word_1_139' title='bbox 1448 1107 1608 1139; x_wconf 87' lang='lat' dir='ltr'>mendacii</span> 
     </span>
     <span class='ocr_line' id='line_1_17' title="bbox 274 1161 1608 1206; baseline -0.006 -6"><span class='ocrx_word' id='word_1_140' title='bbox 274 1174 422 1200; x_wconf 87' lang='lat' dir='ltr'>teneatur</span> <span class='ocrx_word' id='word_1_141' title='bbox 449 1168 648 1199; x_wconf 59' lang='lat' dir='ltr'>manifestus</span> <span class='ocrx_word' id='word_1_142' title='bbox 674 1167 728 1197; x_wconf 88' lang='lat' dir='ltr'>Sin</span> <span class='ocrx_word' id='word_1_143' title='bbox 752 1177 827 1198; x_wconf 90' lang='lat' dir='ltr'>vero</span> <span class='ocrx_word' id='word_1_144' title='bbox 853 1167 938 1200; x_wconf 82' lang='lat' dir='ltr'>testis</span> <span class='ocrx_word' id='word_1_145' title='bbox 958 1170 1102 1197; x_wconf 86' lang='lat' dir='ltr'>mentem</span> <span class='ocrx_word' id='word_1_146' title='bbox 1125 1175 1214 1196; x_wconf 90' lang='lat' dir='ltr'>suam</span> <span class='ocrx_word' id='word_1_147' title='bbox 1240 1162 1389 1206; x_wconf 85' lang='lat' dir='ltr'>ambiguo</span> <span class='ocrx_word' id='word_1_148' title='bbox 1412 1161 1463 1194; x_wconf 81' lang='lat' dir='ltr'>vel</span> <span class='ocrx_word' id='word_1_149' title='bbox 1484 1162 1608 1204; x_wconf 88' lang='lat' dir='ltr'>impro—</span> 
     </span>
     <span class='ocr_line' id='line_1_18' title="bbox 276 1214 1607 1264; baseline -0.005 -13"><span class='ocrx_word' id='word_1_150' title='bbox 276 1221 345 1264; x_wconf 86' lang='lat' dir='ltr'>prio</span> <span class='ocrx_word' id='word_1_151' title='bbox 367 1231 512 1251; x_wconf 84' lang='lat' dir='ltr'>sermone</span> <span class='ocrx_word' id='word_1_152' title='bbox 537 1219 656 1258; x_wconf 78' lang='lat' dir='ltr'>reddit,</span> <span class='ocrx_word' id='word_1_153' title='bbox 682 1225 760 1250; x_wconf 85' lang='lat' dir='ltr'>tunc</span> <span class='ocrx_word' id='word_1_154' title='bbox 782 1230 858 1249; x_wconf 86' lang='lat' dir='ltr'>eum</span> <span class='ocrx_word' id='word_1_155' title='bbox 880 1217 1096 1257; x_wconf 84' lang='lat' dir='ltr'>admonendo,</span> <span class='ocrx_word' id='word_1_156' title='bbox 1119 1215 1316 1260; x_wconf 84' lang='lat' dir='ltr'>adjuvando,</span> <span class='ocrx_word' id='word_1_157' title='bbox 1341 1214 1486 1246; x_wconf 87' lang='lat' dir='ltr'>eamdem</span> <span class='ocrx_word' id='word_1_158' title='bbox 1503 1225 1607 1256; x_wconf 84' lang='lat' dir='ltr'>quaes-</span> 
     </span>
     <span class='ocr_line' id='line_1_19' title="bbox 277 1267 1609 1315; baseline -0.007 -10"><span class='ocrx_word' id='word_1_159' title='bbox 277 1275 395 1305; x_wconf 84' lang='lat' dir='ltr'>tionem</span> <span class='ocrx_word' id='word_1_160' title='bbox 415 1273 474 1303; x_wconf 83' lang='lat' dir='ltr'>sub</span> <span class='ocrx_word' id='word_1_161' title='bbox 496 1273 590 1304; x_wconf 84' lang='lat' dir='ltr'>variis</span> <span class='ocrx_word' id='word_1_162' title='bbox 610 1272 720 1302; x_wconf 85' lang='lat' dir='ltr'>formis</span> <span class='ocrx_word' id='word_1_163' title='bbox 738 1270 959 1312; x_wconf 78' lang='lat' dir='ltr'>proponendo⁷</span> <span class='ocrx_word' id='word_1_164' title='bbox 985 1270 1083 1315; x_wconf 82' lang='lat' dir='ltr'>judex</span> <span class='ocrx_word' id='word_1_165' title='bbox 1104 1269 1274 1302; x_wconf 80' lang='lat' dir='ltr'>verborum</span> <span class='ocrx_word' id='word_1_166' title='bbox 1291 1268 1438 1309; x_wconf 86' lang='lat' dir='ltr'>ambages</span> <span class='ocrx_word' id='word_1_167' title='bbox 1460 1267 1557 1306; x_wconf 83' lang='lat' dir='ltr'>tollit,</span> <span class='ocrx_word' id='word_1_168' title='bbox 1576 1272 1609 1298; x_wconf 87' lang='lat' dir='ltr'>et</span> 
     </span>
     <span class='ocr_line' id='line_1_20' title="bbox 276 1319 1609 1368; baseline -0.007 -10"><span class='ocrx_word' id='word_1_169' title='bbox 276 1327 442 1359; x_wconf 87' lang='lat' dir='ltr'>veritatem</span> <span class='ocrx_word' id='word_1_170' title='bbox 467 1336 504 1356; x_wconf 84' lang='lat' dir='ltr'>ex</span> <span class='ocrx_word' id='word_1_171' title='bbox 522 1324 590 1368; x_wconf 83' lang='lat' dir='ltr'>ejus</span> <span class='ocrx_word' id='word_1_172' title='bbox 613 1323 786 1356; x_wconf 89' lang='lat' dir='ltr'>visceribus</span> <span class='ocrx_word' id='word_1_173' title='bbox 803 1322 1034 1365; x_wconf 88' lang='lat' dir='ltr'>quodammodo</span> <span class='ocrx_word' id='word_1_174' title='bbox 1056 1323 1141 1353; x_wconf 88' lang='lat' dir='ltr'>eruit</span> <span class='ocrx_word' id='word_1_175' title='bbox 1162 1320 1219 1362; x_wconf 83' lang='lat'><strong>(3).</strong></span> <span class='ocrx_word' id='word_1_176' title='bbox 1244 1319 1408 1351; x_wconf 84' lang='lat' dir='ltr'>Affirmare</span> <span class='ocrx_word' id='word_1_177' title='bbox 1431 1319 1530 1362; x_wconf 86' lang='lat' dir='ltr'>igitur</span> <span class='ocrx_word' id='word_1_178' title='bbox 1543 1330 1609 1349; x_wconf 85' lang='lat' dir='ltr'>non</span> 
     </span>
     <span class='ocr_line' id='line_1_21' title="bbox 278 1372 1609 1419; baseline -0.006 -8"><span class='ocrx_word' id='word_1_179' title='bbox 278 1379 406 1418; x_wconf 82' lang='lat' dir='ltr'>dubito,</span> <span class='ocrx_word' id='word_1_180' title='bbox 426 1378 554 1409; x_wconf 87' lang='lat' dir='ltr'>testium</span> <span class='ocrx_word' id='word_1_181' title='bbox 566 1377 846 1419; x_wconf 82' lang='lat' dir='ltr'>interrogationem</span> <span class='ocrx_word' id='word_1_182' title='bbox 863 1376 903 1408; x_wconf 87' lang='lat' dir='ltr'>ad</span> <span class='ocrx_word' id='word_1_183' title='bbox 917 1375 1136 1408; x_wconf 84' lang='lat' dir='ltr'>illustrandam</span> <span class='ocrx_word' id='word_1_184' title='bbox 1149 1373 1264 1419; x_wconf 77' lang='lat' dir='ltr'>judicis</span> <span class='ocrx_word' id='word_1_185' title='bbox 1273 1373 1496 1405; x_wconf 86' lang='lat' dir='ltr'>conscientiam</span> <span class='ocrx_word' id='word_1_186' title='bbox 1506 1372 1609 1404; x_wconf 87' lang='lat' dir='ltr'>multo</span> 
     </span>
     <span class='ocr_line' id='line_1_22' title="bbox 279 1426 1608 1476; baseline -0.006 -12"><span class='ocrx_word' id='word_1_187' title='bbox 279 1434 379 1476; x_wconf 84' lang='lat' dir='ltr'>magis</span> <span class='ocrx_word' id='word_1_188' title='bbox 401 1443 499 1475; x_wconf 85' lang='lat' dir='ltr'>quam</span> <span class='ocrx_word' id='word_1_189' title='bbox 523 1430 746 1475; x_wconf 84' lang='lat' dir='ltr'>jusjurandum</span> <span class='ocrx_word' id='word_1_190' title='bbox 771 1430 935 1470; x_wconf 83' lang='lat' dir='ltr'>conferre,</span> <span class='ocrx_word' id='word_1_191' title='bbox 966 1440 1070 1472; x_wconf 86' lang='lat' dir='ltr'>quum</span> <span class='ocrx_word' id='word_1_192' title='bbox 1095 1426 1195 1471; x_wconf 73' lang='lat' dir='ltr'>hujus</span> <span class='ocrx_word' id='word_1_193' title='bbox 1216 1426 1337 1458; x_wconf 87' lang='lat' dir='ltr'>utilitas</span> <span class='ocrx_word' id='word_1_194' title='bbox 1361 1426 1395 1456; x_wconf 93' lang='lat' dir='ltr'>in</span> <span class='ocrx_word' id='word_1_195' title='bbox 1421 1436 1458 1456; x_wconf 87' lang='lat' dir='ltr'>eo</span> <span class='ocrx_word' id='word_1_196' title='bbox 1482 1430 1608 1456; x_wconf 83' lang='lat' dir='ltr'>tantum</span> 
     </span>
    </p>
   </div>
   <div class='ocr_carea' id='block_1_5' title="bbox 291 1499 1607 1514">
    <p class='ocr_par' dir='ltr' id='par_1_5' title="bbox 291 1499 1607 1514">
     <span class='ocr_line' id='line_1_23' title="bbox 291 1499 1607 1514; baseline -0.007 0"><span class='ocrx_word' id='word_1_197' title='bbox 291 1499 1607 1514; x_wconf 47' lang='grc' dir='ltr'><strong>Μ</strong></span> 
     </span>
    </p>
   </div>
   <div class='ocr_carea' id='block_1_6' title="bbox 278 1542 1612 2010">
    <p class='ocr_par' dir='ltr' id='par_1_6' title="bbox 337 1542 899 1575">
     <span class='ocr_line' id='line_1_24' title="bbox 337 1542 899 1575; baseline -0.005 -7"><span class='ocrx_word' id='word_1_198' title='bbox 337 1545 369 1575; x_wconf 83' lang='lat'>(1)</span> <span class='ocrx_word' id='word_1_199' title='bbox 386 1545 450 1568; x_wconf 83' lang='lat' dir='ltr'>Cass.</span> <span class='ocrx_word' id='word_1_200' title='bbox 468 1545 497 1567; x_wconf 81' lang='lat'>28</span> <span class='ocrx_word' id='word_1_201' title='bbox 513 1552 577 1567; x_wconf 73' lang='lat' dir='ltr'>mars</span> <span class='ocrx_word' id='word_1_202' title='bbox 596 1544 661 1566; x_wconf 79' lang='lat'><em>1810.</em></span> <span class='ocrx_word' id='word_1_203' title='bbox 679 1556 709 1561; x_wconf 88' lang='lat'>--</span> <span class='ocrx_word' id='word_1_204' title='bbox 725 1544 802 1566; x_wconf 79' lang='lat' dir='ltr'>Haus.</span> <span class='ocrx_word' id='word_1_205' title='bbox 817 1544 830 1573; x_wconf 85' lang='lat'>§</span> <span class='ocrx_word' id='word_1_206' title='bbox 846 1542 899 1566; x_wconf 83' lang='lat'><strong>386.</strong></span> 
     </span>
    </p>

    <p class='ocr_par' dir='ltr' id='par_1_7' title="bbox 336 1584 711 1614">
     <span class='ocr_line' id='line_1_25' title="bbox 336 1584 711 1614; baseline -0.005 -7"><span class='ocrx_word' id='word_1_207' title='bbox 336 1586 368 1614; x_wconf 89' lang='lat'>(2)</span> <span class='ocrx_word' id='word_1_208' title='bbox 386 1585 475 1608; x_wconf 77' lang='lat' dir='ltr'>Manli.</span> <span class='ocrx_word' id='word_1_209' title='bbox 494 1584 520 1607; x_wconf 91' lang='lat' dir='ltr'>C.</span> <span class='ocrx_word' id='word_1_210' title='bbox 538 1585 566 1613; x_wconf 83' lang='lat'>4,</span> <span class='ocrx_word' id='word_1_211' title='bbox 585 1584 598 1613; x_wconf 57' lang='grc' dir='ltr'>ᾗ</span> <span class='ocrx_word' id='word_1_212' title='bbox 620 1593 628 1606; x_wconf 83' lang='lat' dir='ltr'>i</span> <span class='ocrx_word' id='word_1_213' title='bbox 649 1588 673 1606; x_wconf 78' lang='lat' dir='ltr'>et</span> <span class='ocrx_word' id='word_1_214' title='bbox 689 1592 711 1613; x_wconf 84' lang='lat'>9.</span> 
     </span>
    </p>

    <p class='ocr_par' dir='ltr' id='par_1_8' title="bbox 278 1616 1612 1812">
     <span class='ocr_line' id='line_1_26' title="bbox 337 1616 1612 1654; baseline -0.007 -7"><span class='ocrx_word' id='word_1_215' title='bbox 337 1625 376 1653; x_wconf 78' lang='lat'>(3)</span> <span class='ocrx_word' id='word_1_216' title='bbox 392 1625 453 1647; x_wconf 77' lang='lat' dir='ltr'>C&#39;est</span> <span class='ocrx_word' id='word_1_217' title='bbox 468 1631 512 1654; x_wconf 82' lang='lat' dir='ltr'>par</span> <span class='ocrx_word' id='word_1_218' title='bbox 528 1623 729 1654; x_wconf 76' lang='lat' dir='ltr'>l&#39;inierrogatoire</span> <span class='ocrx_word' id='word_1_219' title='bbox 743 1627 768 1646; x_wconf 86' lang='lat' dir='ltr'>et</span> <span class='ocrx_word' id='word_1_220' title='bbox 782 1623 914 1646; x_wconf 78' lang='lat' dir='ltr'>seulement</span> <span class='ocrx_word' id='word_1_221' title='bbox 929 1629 972 1652; x_wconf 81' lang='lat' dir='ltr'>par</span> <span class='ocrx_word' id='word_1_222' title='bbox 988 1621 1012 1644; x_wconf 67' lang='lat' dir='ltr'>lii</span> <span class='ocrx_word' id='word_1_223' title='bbox 1027 1621 1101 1652; x_wconf 84' lang='lat' dir='ltr'>qu&#39;un</span> <span class='ocrx_word' id='word_1_224' title='bbox 1118 1619 1267 1650; x_wconf 69' lang='lat' dir='ltr'>temoiguage</span> <span class='ocrx_word' id='word_1_225' title='bbox 1281 1622 1337 1648; x_wconf 77' lang='lat' dir='ltr'>trop</span> <span class='ocrx_word' id='word_1_226' title='bbox 1349 1624 1426 1648; x_wconf 83' lang='lat' dir='ltr'>vague</span> <span class='ocrx_word' id='word_1_227' title='bbox 1442 1624 1492 1639; x_wconf 83' lang='lat' dir='ltr'>sera</span> <span class='ocrx_word' id='word_1_228' title='bbox 1507 1616 1612 1647; x_wconf 78' lang='lat' dir='ltr'>particu-</span> 
     </span>
     <span class='ocr_line' id='line_1_27' title="bbox 278 1655 1612 1692; baseline -0.007 -6"><span class='ocrx_word' id='word_1_229' title='bbox 278 1663 362 1692; x_wconf 61' lang='lat' dir='ltr'>larise,</span> <span class='ocrx_word' id='word_1_230' title='bbox 382 1669 405 1686; x_wconf 77' lang='grc' dir='ltr'>ει</span> <span class='ocrx_word' id='word_1_231' title='bbox 419 1664 518 1687; x_wconf 74' lang='grc' dir='ltr'>εηῑοιιτέ</span> <span class='ocrx_word' id='word_1_232' title='bbox 535 1663 563 1685; x_wconf 83' lang='lat' dir='ltr'>de</span> <span class='ocrx_word' id='word_1_233' title='bbox 580 1668 632 1685; x_wconf 85' lang='lat' dir='ltr'>tous</span> <span class='ocrx_word' id='word_1_234' title='bbox 645 1663 678 1685; x_wconf 79' lang='lat' dir='ltr'>les</span> <span class='ocrx_word' id='word_1_235' title='bbox 696 1663 783 1686; x_wconf 75' lang='lat' dir='ltr'>de&#39;tails</span> <span class='ocrx_word' id='word_1_236' title='bbox 800 1662 1017 1692; x_wconf 65' lang='lat' dir='ltr'>caracteristiques3</span> <span class='ocrx_word' id='word_1_237' title='bbox 1034 1662 1089 1684; x_wconf 80' lang='lat' dir='ltr'>c&#39;est</span> <span class='ocrx_word' id='word_1_238' title='bbox 1104 1667 1147 1690; x_wconf 83' lang='lat' dir='ltr'>par</span> <span class='ocrx_word' id='word_1_239' title='bbox 1160 1657 1360 1688; x_wconf 72' lang='lat' dir='ltr'>l’interrugatoire</span> <span class='ocrx_word' id='word_1_240' title='bbox 1374 1657 1448 1687; x_wconf 66' lang='lat' dir='ltr'><strong>qu&#39;uu</strong></span> <span class='ocrx_word' id='word_1_241' title='bbox 1463 1655 1612 1686; x_wconf 83' lang='lat' dir='ltr'>te&#39;moignage</span> 
     </span>
     <span class='ocr_line' id='line_1_28' title="bbox 279 1695 1608 1733; baseline -0.007 -7"><span class='ocrx_word' id='word_1_242' title='bbox 279 1703 405 1726; x_wconf 69' lang='lat' dir='ltr'>indistinet</span> <span class='ocrx_word' id='word_1_243' title='bbox 421 1711 471 1726; x_wconf 81' lang='lat' dir='ltr'>sera</span> <span class='ocrx_word' id='word_1_244' title='bbox 490 1703 566 1726; x_wconf 78' lang='lat' dir='ltr'>rendu</span> <span class='ocrx_word' id='word_1_245' title='bbox 586 1702 673 1733; x_wconf 67' lang='lat' dir='ltr'>precis,</span> <span class='ocrx_word' id='word_1_246' title='bbox 694 1707 717 1725; x_wconf 80' lang='lat' dir='ltr'>et</span> <span class='ocrx_word' id='word_1_247' title='bbox 731 1704 803 1733; x_wconf 88' lang='lat' dir='ltr'>qu&#39;on</span> <span class='ocrx_word' id='word_1_248' title='bbox 824 1703 847 1725; x_wconf 80' lang='lat' dir='ltr'>le</span> <span class='ocrx_word' id='word_1_249' title='bbox 862 1702 912 1724; x_wconf 81' lang='lat' dir='ltr'>sera</span> <span class='ocrx_word' id='word_1_250' title='bbox 929 1701 1001 1724; x_wconf 75' lang='lat' dir='ltr'>sortir</span> <span class='ocrx_word' id='word_1_251' title='bbox 1017 1701 1046 1723; x_wconf 79' lang='lat' dir='ltr'>de</span> <span class='ocrx_word' id='word_1_252' title='bbox 1062 1705 1114 1723; x_wconf 78' lang='lat' dir='ltr'>tous</span> <span class='ocrx_word' id='word_1_253' title='bbox 1128 1699 1164 1721; x_wconf 79' lang='lat' dir='ltr'>les</span> <span class='ocrx_word' id='word_1_254' title='bbox 1177 1705 1268 1729; x_wconf 77' lang='lat' dir='ltr'>uueges</span> <span class='ocrx_word' id='word_1_255' title='bbox 1285 1697 1345 1720; x_wconf 81' lang='lat' dir='ltr'>dont</span> <span class='ocrx_word' id='word_1_256' title='bbox 1363 1696 1381 1719; x_wconf 76' lang='lat' dir='ltr'>il</span> <span class='ocrx_word' id='word_1_257' title='bbox 1394 1696 1453 1719; x_wconf 76' lang='lat' dir='ltr'>e&#39;tait</span> <span class='ocrx_word' id='word_1_258' title='bbox 1468 1695 1608 1725; x_wconf 75' lang='lat' dir='ltr'>enveloppe&#39;.</span> 
     </span>
     <span class='ocr_line' id='line_1_29' title="bbox 278 1734 1610 1774; baseline -0.006 -9"><span class='ocrx_word' id='word_1_259' title='bbox 278 1743 339 1765; x_wconf 70' lang='lat' dir='ltr'>C&#39;est</span> <span class='ocrx_word' id='word_1_260' title='bbox 353 1751 396 1773; x_wconf 78' lang='lat' dir='ltr'>par</span> <span class='ocrx_word' id='word_1_261' title='bbox 412 1743 613 1774; x_wconf 77' lang='lat' dir='ltr'>rimerrogaioire</span> <span class='ocrx_word' id='word_1_262' title='bbox 633 1747 656 1765; x_wconf 85' lang='lat' dir='ltr'>et</span> <span class='ocrx_word' id='word_1_263' title='bbox 671 1743 803 1765; x_wconf 81' lang='lat' dir='ltr'>seulement</span> <span class='ocrx_word' id='word_1_264' title='bbox 816 1749 861 1772; x_wconf 80' lang='lat' dir='ltr'>par</span> <span class='ocrx_word' id='word_1_265' title='bbox 877 1749 902 1764; x_wconf 82' lang='lat' dir='ltr'>ce</span> <span class='ocrx_word' id='word_1_266' title='bbox 917 1748 1021 1772; x_wconf 81' lang='lat' dir='ltr'>moyen,</span> <span class='ocrx_word' id='word_1_267' title='bbox 1039 1740 1113 1770; x_wconf 83' lang='lat' dir='ltr'>qu’un</span> <span class='ocrx_word' id='word_1_268' title='bbox 1130 1739 1247 1769; x_wconf 54' lang='lat' dir='ltr'>dtposant</span> <span class='ocrx_word' id='word_1_269' title='bbox 1260 1737 1288 1760; x_wconf 84' lang='lat' dir='ltr'>de</span> <span class='ocrx_word' id='word_1_270' title='bbox 1307 1736 1430 1760; x_wconf 80' lang='lat' dir='ltr'>mauvaise</span> <span class='ocrx_word' id='word_1_271' title='bbox 1445 1735 1481 1759; x_wconf 80' lang='lat' dir='ltr'>foi</span> <span class='ocrx_word' id='word_1_272' title='bbox 1496 1739 1531 1758; x_wconf 75' lang='lat' dir='ltr'>est</span> <span class='ocrx_word' id='word_1_273' title='bbox 1546 1734 1610 1758; x_wconf 63' lang='lat' dir='ltr'>force</span> 
     </span>
     <span class='ocr_line' id='line_1_30' title="bbox 280 1778 1276 1812; baseline -0.004 -8"><span class='ocrx_word' id='word_1_274' title='bbox 280 1782 460 1805; x_wconf 72' lang='lat' dir='ltr'>d&#39;abaudonner</span> <span class='ocrx_word' id='word_1_275' title='bbox 480 1784 676 1807; x_wconf 78' lang='lat' dir='ltr'>successivement</span> <span class='ocrx_word' id='word_1_276' title='bbox 695 1787 747 1805; x_wconf 81' lang='lat' dir='ltr'>tous</span> <span class='ocrx_word' id='word_1_277' title='bbox 761 1790 795 1805; x_wconf 81' lang='lat' dir='ltr'>ses</span> <span class='ocrx_word' id='word_1_278' title='bbox 812 1786 899 1812; x_wconf 84' lang='lat' dir='ltr'>postes.</span> <span class='ocrx_word' id='word_1_279' title='bbox 917 1794 946 1799; x_wconf 88' lang='lat'>-</span> <span class='ocrx_word' id='word_1_280' title='bbox 961 1780 1095 1808; x_wconf 80' lang='lat' dir='ltr'>Bentham,</span> <span class='ocrx_word' id='word_1_281' title='bbox 1114 1779 1132 1802; x_wconf 84' lang='lat' dir='ltr'>l.</span> <span class='ocrx_word' id='word_1_282' title='bbox 1152 1786 1180 1807; x_wconf 72' lang='lat' dir='ltr'>a,</span> <span class='ocrx_word' id='word_1_283' title='bbox 1197 1778 1236 1801; x_wconf 86' lang='lat' dir='ltr'>ch.</span> <span class='ocrx_word' id='word_1_284' title='bbox 1253 1778 1276 1800; x_wconf 81' lang='lat'>5.</span> 
     </span>
    </p>

    <p class='ocr_par' dir='ltr' id='par_1_9' title="bbox 278 1812 1611 2010">
     <span class='ocr_line' id='line_1_31' title="bbox 340 1812 1607 1852; baseline -0.009 -6"><span class='ocrx_word' id='word_1_285' title='bbox 340 1821 362 1843; x_wconf 89' lang='lat' dir='ltr'>Il</span> <span class='ocrx_word' id='word_1_286' title='bbox 378 1822 419 1851; x_wconf 83' lang='lat' dir='ltr'>u’y</span> <span class='ocrx_word' id='word_1_287' title='bbox 435 1829 447 1843; x_wconf 84' lang='lat' dir='ltr'>a</span> <span class='ocrx_word' id='word_1_288' title='bbox 461 1829 503 1851; x_wconf 84' lang='lat' dir='ltr'>pas</span> <span class='ocrx_word' id='word_1_289' title='bbox 514 1822 541 1844; x_wconf 80' lang='lat' dir='ltr'>de</span> <span class='ocrx_word' id='word_1_290' title='bbox 555 1829 594 1844; x_wconf 85' lang='lat' dir='ltr'>cas</span> <span class='ocrx_word' id='word_1_291' title='bbox 608 1822 755 1852; x_wconf 79' lang='lat' dir='ltr'>imaginable</span> <span class='ocrx_word' id='word_1_292' title='bbox 772 1821 803 1844; x_wconf 71' lang='grc' dir='ltr'>οιὶ</span> <span class='ocrx_word' id='word_1_293' title='bbox 813 1821 835 1844; x_wconf 82' lang='lat' dir='ltr'>la</span> <span class='ocrx_word' id='word_1_294' title='bbox 850 1821 940 1844; x_wconf 58' lang='lat' dir='ltr'>facult&amp;</span> <span class='ocrx_word' id='word_1_295' title='bbox 956 1820 1113 1850; x_wconf 77' lang='lat' dir='ltr'>d’interroger</span> <span class='ocrx_word' id='word_1_296' title='bbox 1126 1818 1173 1842; x_wconf 82' lang='lat' dir='ltr'>soit</span> <span class='ocrx_word' id='word_1_297' title='bbox 1185 1825 1219 1841; x_wconf 87' lang='lat' dir='ltr'>un</span> <span class='ocrx_word' id='word_1_298' title='bbox 1233 1817 1298 1847; x_wconf 76' lang='lat' dir='ltr'>objet</span> <span class='ocrx_word' id='word_1_299' title='bbox 1308 1815 1489 1840; x_wconf 71' lang='lat' dir='ltr'>d‘iudifferenca</span> <span class='ocrx_word' id='word_1_300' title='bbox 1498 1812 1607 1840; x_wconf 66' lang='lat' dir='ltr'>abtolue;</span> 
     </span>
     <span class='ocr_line' id='line_1_32' title="bbox 278 1851 1611 1891; baseline -0.007 -8"><span class='ocrx_word' id='word_1_301' title='bbox 278 1868 320 1890; x_wconf 82' lang='lat' dir='ltr'>pas</span> <span class='ocrx_word' id='word_1_302' title='bbox 335 1861 411 1883; x_wconf 62' lang='lat' dir='ltr'>meme</span> <span class='ocrx_word' id='word_1_303' title='bbox 427 1868 482 1883; x_wconf 73' lang='lat' dir='ltr'>avec</span> <span class='ocrx_word' id='word_1_304' title='bbox 496 1861 518 1883; x_wconf 84' lang='lat' dir='ltr'>le</span> <span class='ocrx_word' id='word_1_305' title='bbox 534 1861 624 1883; x_wconf 76' lang='lat' dir='ltr'>te&#39;moin</span> <span class='ocrx_word' id='word_1_306' title='bbox 637 1861 659 1884; x_wconf 86' lang='lat' dir='ltr'>le</span> <span class='ocrx_word' id='word_1_307' title='bbox 674 1862 728 1891; x_wconf 86' lang='lat' dir='ltr'>plus</span> <span class='ocrx_word' id='word_1_308' title='bbox 744 1861 810 1890; x_wconf 83' lang='lat' dir='ltr'>vrai,</span> <span class='ocrx_word' id='word_1_309' title='bbox 829 1861 852 1884; x_wconf 89' lang='lat' dir='ltr'>Ie</span> <span class='ocrx_word' id='word_1_310' title='bbox 864 1861 919 1891; x_wconf 85' lang='lat' dir='ltr'>plus</span> <span class='ocrx_word' id='word_1_311' title='bbox 934 1860 1093 1890; x_wconf 76' lang='lat' dir='ltr'>circonspeet‚</span> <span class='ocrx_word' id='word_1_312' title='bbox 1111 1858 1134 1881; x_wconf 87' lang='lat' dir='ltr'>le</span> <span class='ocrx_word' id='word_1_313' title='bbox 1146 1858 1202 1888; x_wconf 82' lang='lat' dir='ltr'>plus</span> <span class='ocrx_word' id='word_1_314' title='bbox 1217 1856 1319 1884; x_wconf 66' lang='lat' dir='ltr'>eclaire3</span> <span class='ocrx_word' id='word_1_315' title='bbox 1334 1863 1377 1886; x_wconf 78' lang='lat' dir='ltr'>pas</span> <span class='ocrx_word' id='word_1_316' title='bbox 1391 1855 1466 1877; x_wconf 64' lang='lat' dir='ltr'>meme</span> <span class='ocrx_word' id='word_1_317' title='bbox 1480 1859 1536 1876; x_wconf 79' lang='lat' dir='ltr'>avec</span> <span class='ocrx_word' id='word_1_318' title='bbox 1548 1851 1611 1875; x_wconf 88' lang='lat' dir='ltr'>celui</span> 
     </span>
     <span class='ocr_line' id='line_1_33' title="bbox 278 1895 1609 1931; baseline -0.008 -8"><span class='ocrx_word' id='word_1_319' title='bbox 278 1901 321 1931; x_wconf 88' lang='lat' dir='ltr'>qui</span> <span class='ocrx_word' id='word_1_320' title='bbox 340 1908 352 1923; x_wconf 86' lang='lat' dir='ltr'>a</span> <span class='ocrx_word' id='word_1_321' title='bbox 368 1901 473 1923; x_wconf 63' lang='lat' dir='ltr'>l&#39;inte&#39;ret</span> <span class='ocrx_word' id='word_1_322' title='bbox 486 1901 508 1923; x_wconf 86' lang='lat' dir='ltr'>le</span> <span class='ocrx_word' id='word_1_323' title='bbox 523 1901 577 1930; x_wconf 85' lang='lat' dir='ltr'>plus</span> <span class='ocrx_word' id='word_1_324' title='bbox 591 1900 666 1924; x_wconf 84' lang='lat' dir='ltr'>direct</span> <span class='ocrx_word' id='word_1_325' title='bbox 685 1902 746 1924; x_wconf 81' lang='lat' dir='ltr'>dans</span> <span class='ocrx_word' id='word_1_326' title='bbox 763 1902 786 1924; x_wconf 75' lang='lat' dir='ltr'>la</span> <span class='ocrx_word' id='word_1_327' title='bbox 806 1909 882 1925; x_wconf 83' lang='lat' dir='ltr'>cause.</span> <span class='ocrx_word' id='word_1_328' title='bbox 911 1901 933 1924; x_wconf 89' lang='lat'>11</span> <span class='ocrx_word' id='word_1_329' title='bbox 947 1908 961 1923; x_wconf 79' lang='lat' dir='ltr'>a</span> <span class='ocrx_word' id='word_1_330' title='bbox 975 1907 1059 1923; x_wconf 80' lang='lat' dir='ltr'>encore</span> <span class='ocrx_word' id='word_1_331' title='bbox 1074 1898 1156 1921; x_wconf 81' lang='lat' dir='ltr'>besoin</span> <span class='ocrx_word' id='word_1_332' title='bbox 1173 1897 1245 1920; x_wconf 68' lang='lat' dir='ltr'>d&#39;etre</span> <span class='ocrx_word' id='word_1_333' title='bbox 1263 1895 1381 1925; x_wconf 55' lang='lat' dir='ltr'>interrog&amp;</span> <span class='ocrx_word' id='word_1_334' title='bbox 1398 1900 1458 1923; x_wconf 80' lang='lat' dir='ltr'>pour</span> <span class='ocrx_word' id='word_1_335' title='bbox 1475 1895 1561 1914; x_wconf 73' lang='lat' dir='ltr'>metu-e</span> <span class='ocrx_word' id='word_1_336' title='bbox 1578 1898 1609 1913; x_wconf 85' lang='lat' dir='ltr'>au</span> 
     </span>
     <span class='ocr_line' id='line_1_34' title="bbox 278 1932 1607 1972; baseline -0.005 -9"><span class='ocrx_word' id='word_1_337' title='bbox 278 1941 332 1969; x_wconf 74' lang='lat' dir='ltr'>lour</span> <span class='ocrx_word' id='word_1_338' title='bbox 351 1940 391 1963; x_wconf 83' lang='lat' dir='ltr'>des</span> <span class='ocrx_word' id='word_1_339' title='bbox 406 1940 579 1963; x_wconf 74' lang='lat' dir='ltr'>circonstances</span> <span class='ocrx_word' id='word_1_340' title='bbox 600 1941 660 1963; x_wconf 74' lang='lat' dir='ltr'>dont</span> <span class='ocrx_word' id='word_1_341' title='bbox 675 1942 843 1972; x_wconf 73' lang='lat' dir='ltr'>l&#39;importauce</span> <span class='ocrx_word' id='word_1_342' title='bbox 858 1941 894 1964; x_wconf 88' lang='lat' dir='ltr'>lui</span> <span class='ocrx_word' id='word_1_343' title='bbox 912 1940 1054 1971; x_wconf 65' lang='lat' dir='ltr'>ech-appan,</span> <span class='ocrx_word' id='word_1_344' title='bbox 1075 1943 1099 1962; x_wconf 78' lang='lat' dir='ltr'>et</span> <span class='ocrx_word' id='word_1_345' title='bbox 1117 1938 1136 1961; x_wconf 84' lang='lat' dir='ltr'>il</span> <span class='ocrx_word' id='word_1_346' title='bbox 1152 1937 1206 1961; x_wconf 79' lang='lat' dir='ltr'>saut</span> <span class='ocrx_word' id='word_1_347' title='bbox 1220 1934 1389 1965; x_wconf 77' lang='lat' dir='ltr'>rimeuigence</span> <span class='ocrx_word' id='word_1_348' title='bbox 1402 1932 1461 1956; x_wconf 68' lang='lat' dir='ltr'>d&#39;un</span> <span class='ocrx_word' id='word_1_349' title='bbox 1476 1932 1607 1962; x_wconf 72' lang='lat' dir='ltr'>interroga-</span> 
     </span>
     <span class='ocr_line' id='line_1_35' title="bbox 279 1979 1024 2010; baseline -0.001 -7"><span class='ocrx_word' id='word_1_350' title='bbox 279 1984 330 2003; x_wconf 71' lang='lat' dir='ltr'>leur</span> <span class='ocrx_word' id='word_1_351' title='bbox 347 1984 429 2010; x_wconf 77' lang='lat' dir='ltr'>expert</span> <span class='ocrx_word' id='word_1_352' title='bbox 445 1987 506 2010; x_wconf 82' lang='lat' dir='ltr'>pour</span> <span class='ocrx_word' id='word_1_353' title='bbox 523 1979 589 2003; x_wconf 67' lang='lat' dir='ltr'>:uider</span> <span class='ocrx_word' id='word_1_354' title='bbox 606 1979 627 2002; x_wconf 73' lang='lat' dir='ltr'>la</span> <span class='ocrx_word' id='word_1_355' title='bbox 645 1980 736 2003; x_wconf 81' lang='lat' dir='ltr'>sienne.</span> <span class='ocrx_word' id='word_1_356' title='bbox 754 1981 842 2003; x_wconf 81' lang='lat' dir='ltr'>Benth.</span> <span class='ocrx_word' id='word_1_357' title='bbox 862 1980 880 2003; x_wconf 86' lang='lat' dir='ltr'>l.</span> <span class='ocrx_word' id='word_1_358' title='bbox 898 1988 927 2009; x_wconf 70' lang='lat' dir='ltr'>a,</span> <span class='ocrx_word' id='word_1_359' title='bbox 947 1979 985 2003; x_wconf 88' lang='lat' dir='ltr'>ch.</span> <span class='ocrx_word' id='word_1_360' title='bbox 1001 1980 1024 2003; x_wconf 87' lang='lat'>8.</span> 
     </span>
    </p>
   </div>
  </div>
 </body>
</html>
