1820 2568
791 233 912 276 (49)

186 303 315 335 biennio
339 309 410 346 post
429 315 552 336 veneno
576 305 758 345 interlecti,
788 306 992 350 intelligitur.
1029 309 1097 341 Hoc
1128 318 1234 345 autem
1259 317 1353 358 pauci
1385 323 1510 351 tantum

188 357 414 397 observarunt,
440 358 572 400 plurimi
595 369 687 398 vem,
710 365 774 390 tam
798 366 964 400 veterum,
988 373 1084 405 quam
1106 368 1336 409 recentiorum,
1358 372 1511 414 neglexe-

186 416 281 450 runt,
303 411 494 452 caeteroquin
516 410 748 444 nobilissimum
769 413 850 445 illud
871 414 1036 448 oblivionis
1059 417 1224 452 decretum
1243 424 1375 454 summis
1395 427 1508 457 merito

185 464 332 496 laudibus
354 464 520 495 efferentes
543 463 601 506 (1).

229 527 347 558 Eodem
377 533 520 569 tempore
545 529 643 559 creati
668 540 704 560 ac
727 530 847 561 viritim
872 531 947 562 lecti
972 538 1047 563 sunt
1071 534 1138 565 XX
1163 536 1241 576 viri,
1274 539 1329 579 qui
1355 541 1508 583 tantisper

185 580 303 612 civitati
329 586 518 622 praeessent,
544 587 592 621 et,
616 592 657 613 ne
677 582 856 625 respublica
876 584 1105 617 detrimentum
1132 595 1260 630 caperet
1284 592 1507 635 providerent,

183 633 283 664 donec
299 632 384 675 leges
399 632 478 664 latae·
489 639 585 677 atque
601 635 672 666 fixae
690 643 794 667 essent
810 637 870 680 (2);
892 639 1021 670 interim
1042 640 1162 672 Solonis
1176 642 1315 685 legibuS,
1335 648 1506 687 mensuris,

182 685 454 729 ponderibusque,
482 693 515 718 et
534 688 686 719 Draconis
710 689 839 721 thesmis
863 692 912 722 uti
942 692 1074 735 placuit.
1110 694 1147 725 In
1169 695 1284 738 quibus
1305 709 1380 730 vero
1404 700 1506 731 multa

182 751 256 771 cum
280 739 426 772 viderent
443 740 560 781 inesse,
584 741 700 783 quibus
720 743 840 775 civium
868 744 951 776 bene
969 746 1065 776 multi
1087 752 1275 780 tenerentur
1296 750 1335 781 oh
1355 762 1408 790 ea,
1434 764 1506 795 quae

182 792 216 822 in
232 791 290 822 ista
305 791 489 834 reipublicae
505 795 753 825 commutatione
765 797 959 837 evenissent3
978 798 1157 840 decretum,
1178 808 1307 834 auctore
1323 804 1505 846 Tisameno,

182 844 247 875 fuit
268 844 386 883 latum,
412 855 475 886 quo
500 845 636 887 placuit,
661 858 769 878 omnes
793 848 861 879 illas
877 849 963 892 leges
983 852 1173 891 examinari,
1195 859 1291 896 atque
1309 856 1342 886 in
1358 859 1505 890 examine

181 895 326 938 probatas
342 896 496 927 conscribi
507 898 538 928 in
556 897 687 938 tabulis,
708 900 742 930 in
756 901 887 933 Porticu
912 902 1007 933 Varia
1021 903 1163 945 figendis.
1180 905 1247 937 Hoc
1262 909 1391 940 consilio
1406 912 1505 953 quin-

181 949 333 991 quaginta
353 950 546 981 nomothetae
566 962 584 981 a
606 958 720 983 senatu
738 952 813 984 lecti
832 961 921 995 sunt,
946 957 1002 998 qui
1023 964 1074 987 eas
1093 956 1179 1000 leges
1199 961 1448 1002 perscriberent,
1470 971 1503 995 et

181 1013 287 1033 coram
305 1003 478 1045 Eponymis
498 1004 615 1046 cuique
638 1005 757 1036 volenti
778 1006 928 1048 legendas
947 1008 1143 1049 praeberent3
1166 1010 1240 1041 dein
1260 1013 1372 1044 eodem
1392 1026 1502 1048 mense

179 1056 303 1086 senatui
325 1055 504 1094 traderent,
531 1062 563 1087 et
586 1057 768 1099 quingentis
788 1057 1035 1099 legislatoribus,
1061 1071 1077 1090 a
1096 1062 1216 1103 populo
1240 1074 1298 1105 per
1317 1065 1418 1097 tribus
1443 1068 1501 1099 de-

178 1107 267 1138 lectis
284 1107 341 1150 (3).
366 1108 412 1138 Ita
432 1108 540 1139 multis
559 1109 649 1140 novis
669 1108 793 1151 legibus
809 1110 959 1150 conditis,
978 1112 1125 1154 plurimis
1145 1115 1256 1155 etiam,
1277 1117 1394 1159 quibus
1412 1121 1500 1162 prius

177 1159 365 1199 utebantur,
387 1160 573 1202 antiquatis,
597 1160 761 1192 decretum
784 1162 913 1193 tandem
935 1163 1000 1194 fuit
1023 1165 1197 1207 perlatum,
1225 1174 1262 1198 ut
1280 1169 1405 1212 legibus
1426 1180 1502 1205 ute-

175 1218 307 1252 rentur,
336 1212 411 1243 inde
436 1213 475 1243 ab
504 1213 637 1244 Euclide
664 1214 826 1246 Archonte
854 1215 925 1246 latis
947 1217 1003 1258 (4).
1043 1218 1080 1248 In
1109 1218 1157 1250 his
1190 1220 1314 1263 legibus
1339 1235 1375 1255 ea
1402 1225 1499 1258 fuisse

174 1265 319 1304 videtur,
340 1276 451 1307 quam,
477 1266 559 1308 (quo
571 1267 685 1298 melius
698 1267 769 1299 lites
790 1270 1062 1311 opprimerentur,
1088 1283 1160 1314 quae
1178 1273 1342 1307 decretum
1363 1278 1403 1309 de
1423 1279 1500 1311 abo-

174 1318 285 1349 litione
302 1318 460 1349 malorum
475 1319 710 1363 impedirent,)
734 1323 831 1353 suasit
850 1323 1025 1365 Archinus,
1051 1331 1088 1356 ut
1107 1326 1241 1367 scilicet,
1260 1329 1285 1358 si
1310 1331 1381 1372 quis
1400 1334 1500 1364 actio-

174 1381 249 1401 nem
275 1376 384 1401 contra
410 1371 520 1403 datum
545 1371 769 1417 jusjurandum
793 1376 993 1418 institueret,
1020 1390 1075 1410 reo
1103 1386 1187 1412 statu
1213 1383 1425 1416 translationis
1451 1389 1499 1419 uti

173 1424 300 1464 ficeret,
323 1430 425 1467 utque
444 1425 619 1457 Archontes
639 1427 676 1458 ea
699 1428 738 1460 de
758 1440 793 1461 re
819 1431 975 1473 imprimis
995 1432 1169 1474 referrent,
1194 1434 1285 1477 isque
1309 1437 1407 1479 priori
1429 1439 1498 1471 loco

175 1477 307 1517 diceret,
339 1479 396 1520 qui
415 1479 536 1510 crimen
556 1482 793 1524 praescriptione
815 1491 1049 1517 summoveret:
1073 1492 1146 1518 uter
1164 1498 1239 1519 vero
1263 1490 1499 1533 succubuisset,

173 1531 199 1560 is
224 1530 378 1562 mulctam
398 1531 533 1564 solveret
556 1533 614 1575 (5).

218 1590 434 1624 Clarissimum
453 1595 585 1637 insuper
607 1607 643 1626 ac
664 1596 919 1639 pulcherrimum
939 1600 1108 1642 aequitatis,
1133 1601 1356 1634 moderationis
1380 1611 1412 1636 et
1432 1607 1499 1638 ele-

173 1645 301 1676 mentiae
322 1647 506 1689 exemplum
526 1647 642 1679 dedere
666 1650 886 1682 Athenienses.
916 1651 997 1683 Nam
1020 1663 1095 1683 cum
1118 1654 1350 1688 Lacedaemonii
1368 1666 1499 1692 centum

171 1697 225 1728 illa
244 1698 376 1739 talenta,
399 1711 470 1742 quae
491 1700 531 1732 ad
547 1701 741 1734 obsidionem
759 1704 853 1735 Piraei
872 1704 911 1735 ab
925 1705 999 1748 ipsis
1016 1712 1161 1738 mutuata
1177 1715 1283 1749 erant,
1305 1721 1364 1753 per
1379 1711 1496 1755 legatos

177 1771 1494 1794 Ἣ

230 1820 263 1850 (1)
281 1820 426 1844 Observavit
446 1822 558 1851 Orosius,
572 1822 590 1845 l.
604 1823 622 1846 1.
639 1831 683 1847 nec
695 1832 746 1848 non
760 1834 789 1848 ex
803 1827 974 1850 recentioribus
994 1829 1097 1859 Taylor,
1117 1830 1135 1852 1.
1155 1838 1175 1853 c.
1193 1839 1217 1861 p.
1236 1832 1264 1854 53
1280 1832 1306 1854 iu
1327 1841 1367 1862 na,
1391 1835 1493 1865 Gillies,

171 1861 188 1883 1.
204 1868 225 1884 c.
241 1860 292 1884 vol.
310 1862 360 1889 ΙΙΙ,
374 1869 399 1891 p.
420 1861 469 1884 126-
490 1862 617 1892 Wyttenb.
635 1864 662 1887 in
678 1865 743 1895 Sel„
759 1871 804 1889 etc.
818 1875 842 1898 p.
856 1868 911 1898 417,
929 1873 953 1890 et
968 1870 1063 1892 Lumo.
1077 1869 1104 1892 in
1123 1871 1190 1893 Orat.
1207 1879 1232 1901 p.
1248 1872 1303 1899 133,
1320 1873 1371 1896 alii.

230 1900 363 1931 (2)*Julius
377 1901 485 1928 Pollux,
505 1901 584 1931 VIII,
604 1912 624 1926 c.
640 1912 653 1934 9
671 1913 743 1936 segm.
761 1914 815 1934 112,
836 1907 865 1929 e'x
885 1908 1053 1932 emendatione
1072 1910 1183 1940 Valesii,
1200 1911 1307 1937 Emend.
1324 1914 1347 1942 1,
1369 1922 1388 1937 c.
1409 1915 1446 1937 34.

228 1940 262 1970 (5)
278 1941 373 1964 Andoc.
392 1941 422 1963 de
437 1942 508 1971 Mysi.
524 1949 549 1972 p.
568 1943 609 1971 33,
629 1945 694 1974 apud
709 1953 780 1976 quem
798 1946 877 1976 ipsum
897 1952 975 1971 exstat
992 1949 1121 1972 decretum.

227 1981 260 2011 (4)
277 1981 372 2004 Andoc.
395 1988 430 2004 or.
445 1982 462 2004 l.
477 1990 502 2012 p.
519 1983 559 2011 42,
582 1983 625 2006 ubi
644 1984 694 2015 ipsa
710 1991 789 2009 exstat
805 1987 855 2010 lex.

227 2020 260 2051 (5)
277 2022 412 2049 Isocrates,
423 2022 479 2045 adv.
497 2022 610 2051 Gallim„
623 2031 647 2054 p.
659 2025 712 2048 886.
726 2026 809 2050 Plures
817 2028 862 2051 hoc
877 2032 982 2059 tempore
990 2023 1054 2053 latas
1063 2029 1124 2060 leges
1134 2029 1230 2061 collegit
1245 2031 1348 2061 Taylor,
1360 2032 1376 2055 1.
1389 2040 1408 2055 .c
1416 2040 1440 2063 p.
1451 2033 1488 2056 55.

985 2080 1004 2112 7
