1763 2511
857 164 976 207 (¹6)

255 250 433 292 excogitare
450 256 514 277 non
532 242 704 286 possimus,
721 251 817 284 quam
833 250 897 283 quo
912 239 1000 282 prius
1016 239 1238 281 cognovimus,
1258 240 1347 271 nulla
1367 239 1446 271 ratio
1462 246 1509 271 est
1525 251 1583 272 cur

252 302 416 341 secundae,
438 299 488 332 vel
507 297 626 337 tertiae,
650 295 703 328 vel
725 293 910 338 quotaelibet
928 293 1101 336 cognitioni
1125 299 1238 324 nostrae
1267 293 1367 336 magis
1389 293 1584 326 confidamus

252 369 350 402 quam
369 355 497 399 primae3
516 352 560 383 ita
582 355 620 382 ut
636 348 809 380 dicendum
827 347 882 385 sit,
907 352 964 378 aut
982 346 1105 377 nullam
1127 347 1256 378 omnino
1278 346 1504 378 certitudinem
1523 346 1584 378 lio-

251 410 392 444 minibus
417 418 483 439 esse
509 402 719 448 sperandam,
745 407 824 440 aut,
849 401 874 431 si
900 399 1071 442 aliquando
1097 400 1198 440 adsit,
1225 412 1294 431 eam
1322 412 1447 443 semper
1476 400 1584 432 adesse

252 465 390 503 debere,
416 467 450 493 et
475 460 528 493 vix
556 456 695 499 intelligi
720 465 829 499 posse,
857 453 1018 497 quomodo
1039 453 1174 485 dubium
1199 454 1327 497 aliquod
1350 454 1586 498 cognitionibus

252 518 366 551 nostris
385 512 558 547 immisceri
578 516 687 555 queat.

297 573 466 609 Attamen,
493 568 518 598 si
540 566 574 598 id
598 565 792 603 diceremus,
820 562 1008 594 reclamaret
1031 562 1173 594 universi
1204 562 1328 603 generis
1348 561 1483 593 humani
1508 574 1587 595 con-

252 626 397 664 scientia,
414 623 535 666 quippe
551 632 612 663 qua
624 630 719 650 nemo
732 629 796 649 non
807 617 977 660 saepissime
992 622 1144 660 expertus
1160 621 1223 653 est,
1238 626 1271 646 se
1288 616 1370 647 circa
1387 617 1584 660 cognitiones

253 693 324 714 suas
342 679 435 711 modo
455 676 593 708 maxima
617 672 810 705 certitudine
837 672 902 710 uti,
928 670 1021 701 modo
1042 669 1221 701 invincibili
1242 669 1340 700 dubio
1360 671 1532 713 ancipitem
1553 678 1586 703 et

253 744 442 778 suspensum
463 730 577 761 teneri.
598 726 771 758 Undenam
792 726 902 766 itaque
922 724 1017 754 variae
1034 722 1103 766 ejus
1117 722 1190 753 fidei
1205 734 1302 765 quam
1318 724 1351 754 in
1369 726 1586 766 cognoscendo

253 788 441 820 adhibemus
461 781 598 826 petenda
619 785 666 811 est
684 777 785 810 ratio‘?
805 776 947 808 Petenda
968 782 1069 807 estex
1091 777 1183 808 variis
1200 776 1300 808 modis
1315 776 1432 821 quibus
1448 779 1586 821 cognitio

253 842 291 873 ad
319 845 441 871 mentes
467 842 588 867 nostras
608 832 766 877 pervenit.
799 831 927 862 Etenim
943 855 951 869 ‚
982 831 1127 873 quamvis
1151 830 1237 861 idem
1263 830 1352 861 nobis
1377 832 1587 874 cognoscendi

253 900 363 926 auctor
381 893 420 923 sit
437 890 635 926 intellectus,
656 886 708 918 vel
726 896 845 928 quum,
865 885 952 915 omni
968 889 1088 915 remota
1105 883 1321 923 dubitatione,
1338 885 1586 927 propositionem

253 949 392 991 aliquam
406 945 615 980 affirmamus,
632 940 683 972 vel
702 951 804 982 quum
820 939 902 969 circa
918 938 987 982 ejus
1003 938 1170 970 veritatem
1185 937 1274 969 dubii
1289 938 1463 979 haeremus,
1481 945 1588 971 tamen

252 1001 433 1033 intellectus
454 997 508 1028 ille
534 1007 598 1026 non
619 993 732 1025 eodem
752 1003 878 1034 semper
899 991 993 1023 modo
1013 1002 1046 1023 se
1070 991 1188 1022 exserit
1211 997 1308 1034 atque
1332 992 1525 1023 manifestat.
1556 993 1589 1024 Si

253 1056 325 1097 quis
341 1053 380 1084 ad
395 1057 515 1082 nostras
530 1047 690 1091 cogitandi
705 1047 843 1077 rationes
864 1045 1049 1088 diligentius
1069 1045 1230 1086 attendat,
1255 1045 1376 1078 videbit
1397 1046 1586 1090 aliquando,

254 1120 303 1140 res
324 1107 414 1138 nohis
438 1116 498 1136 nec
524 1101 713 1135 conantibus
737 1111 798 1131 nec
822 1099 1025 1139 volentibus,
1054 1100 1120 1131 imo
1141 1099 1250 1131 invitis
1275 1105 1388 1142 sponte
1414 1111 1589 1143 apparere,

254 1160 426 1205 aliquando
443 1170 500 1202 per
521 1156 663 1188 laborem
681 1160 713 1186 et
734 1164 898 1197 operosam
912 1153 1207 1197 investigationem,
1230 1153 1356 1185 admota
1373 1154 1527 1186 libertatis
1542 1156 1589 1195 vi,

254 1226 337 1258 aegre
358 1214 443 1252 erui,
466 1214 574 1254 itaque
591 1209 807 1252 cognitionem
825 1213 965 1238 nostram
986 1207 1079 1238 modo
1097 1219 1164 1238 esse
1177 1208 1402 1248 necessariam,
1423 1208 1517 1240 modo
1531 1220 1590 1241 vo—

254 1268 437 1300 luntariam.
463 1265 530 1304 Sic,
551 1262 679 1306 quando
694 1272 743 1293 res
764 1260 871 1303 aliqua
892 1266 1023 1291 externa
1041 1261 1075 1291 in
1097 1261 1204 1292 oculos
1225 1268 1347 1292 nostros
1367 1261 1470 1302 cadit,
1492 1262 1517 1293 si
1539 1262 1591 1294 vel

253 1322 392 1354 maxime
405 1319 541 1351 velimus
557 1328 627 1348 eam
640 1317 787 1359 ignorare
797 1339 805 1354 ‚
821 1320 928 1346 tamen
947 1315 1106 1346 incassum
1119 1314 1152 1345 id
1167 1314 1329 1355 volemus,
1347 1321 1379 1346 et
1393 1316 1441 1347 rei
1456 1308 1591 1358 cognitae

255 1377 359 1418 imago
379 1378 502 1404 mentes
521 1377 641 1402 nostras
662 1369 811 1412 praesenti
831 1380 867 1399 ac
888 1368 993 1401 vivida
1010 1368 1084 1399 luce
1099 1368 1291 1411 penetrabit.
1313 1368 1391 1409 Sed,
1410 1368 1471 1400 hac
1487 1370 1591 1412 prima

254 1429 426 1461 intuitione
445 1431 572 1469 peracta
586 1449 594 1464 ‚
622 1434 790 1467 possumus
812 1422 920 1454 oculos
942 1423 975 1453 in
1001 1433 1069 1453 rem
1097 1423 1257 1464 cognitam
1276 1421 1376 1454 libere
1401 1428 1527 1454 vertere
1555 1435 1592 1454 ac

255 1483 416 1521 detinere,
434 1486 467 1511 et
487 1478 628 1522 singulas
644 1476 713 1521 ejus
733 1483 838 1520 partes
857 1476 1012 1520 singulari
1031 1488 1106 1508 cura
1123 1477 1322 1516 examinare,
1346 1481 1384 1507 ut
1402 1474 1503 1520 major
1516 1476 1592 1508 inde

254 1537 311 1568 lux
334 1537 464 1567 oriatur.
492 1533 574 1564 Utra
594 1538 703 1563 autem
720 1542 759 1563 ex
778 1531 828 1562 his
848 1530 1083 1574 cognitionibus
1100 1530 1206 1563 verior
1226 1530 1266 1561 sit
1288 1529 1421 1561 dicenda
1436 1529 1530 1561 facile
1546 1535 1593 1561 est

255 1590 374 1622 videre.
398 1588 497 1627 Nam,
517 1587 670 1630 quoniam
692 1586 794 1617 omnis
817 1585 1006 1628 cognitionis
1028 1590 1143 1615 nostrae
1163 1584 1279 1616 veritas
1301 1584 1442 1615 consistit
1459 1584 1494 1615 in
1512 1595 1592 1615 con-

256 1643 418 1677 venientia
438 1641 507 1685 ejus
528 1653 603 1672 cum
622 1641 689 1683 ipsa
705 1650 739 1671 re
762 1650 834 1683 quae
849 1638 1012 1683 objectum
1031 1638 1220 1682 cognitionis
1235 1638 1400 1669 constituit
1407 1662 1416 1678 7
1436 1637 1592 1669 manifes-

256 1704 325 1729 tum
341 1703 404 1736 est,
421 1707 491 1727 eam
507 1695 722 1738 cognitionem
738 1694 895 1726 veriorem
911 1704 977 1725 esse
993 1693 1124 1734 debere,
1141 1704 1213 1736 quae
1224 1704 1241 1724 a
1252 1691 1348 1724 rebus
1357 1692 1431 1735 ipsis
1446 1692 1592 1735 proficis—-

257 1751 357 1789 citur,
380 1761 476 1792 quam
497 1760 569 1792 quae
589 1760 606 1779 a
625 1747 715 1779 nobis
728 1772 736 1787 ‚
758 1753 803 1789 ,et
826 1747 1006 1781 intellectui
1031 1753 1137 1778 nostro
1158 1747 1258 1790 magis
1278 1757 1344 1778 esse
1369 1745 1565 1778 credendum
1581 1768 1591 1785 ,

257 1803 385 1846 quando
402 1804 544 1845 proprias
572 1813 681 1834 rerum
706 1801 823 1833 formas
838 1802 971 1844 accipit,
999 1813 1097 1844 quam
1124 1812 1225 1844 quum
1255 1811 1326 1832 suas
1352 1800 1450 1843 ipsius
1474 1798 1591 1829 formas

258 1857 353 1889 rebus
365 1856 591 1888 accommodat.
605 1857 826 1900 Quapropter,
839 1855 996 1899 quamdiu
1010 1855 1147 1899 simplici
1161 1855 1284 1886 intuitu
1294 1853 1475 1885 intellectus
1485 1857 1592 1883 noster

257 1913 379 1943 nativas
398 1922 508 1942 rerum
526 1911 680 1953 imagines
695 1912 794 1943 instar
811 1911 933 1954 speculi
950 1916 1062 1954 sponte
1078 1910 1194 1950 refert,
1213 1909 1302 1941 nulla
1318 1907 1409 1939 nobis
1423 1905 1592 1938 dubitandi

258 1966 401 2008 suppetit
429 1966 517 2007 copia
547 1969 643 2007 atque
672 1964 820 2005 libertas,
852 1965 907 1997 sed
927 1966 1113 1997 necessitate
1139 1963 1278 2007 quadam
1303 1961 1517 2005 impellimur,
1554 1966 1592 1992 ut
