1820 2568
777 227 894 271 (¹9)

175 303 410 336 Theramenem
430 304 488 347 (1).
512 303 572 335 Hie
587 302 689 341 enim,
714 311 790 332 cum
812 311 829 330 a
852 299 980 342 collegis
995 299 1148 332 invitatus
1167 307 1263 342 esset,
1288 308 1326 334 ut
1344 310 1501 343 sumeret,

176 370 277 402 ‘quem
296 358 408 398 vellet,
431 363 465 389 at
485 368 551 388 non
570 356 758 392 honestum,
780 353 903 395 inquit,
927 351 1007 384 mihi
1027 363 1094 384 esse
1116 353 1260 394 videtur,
1284 366 1352 395 eos,
1373 357 1429 399 qui
1445 368 1504 400 op—

177 412 302 443 timates
321 409 432 442 audire
447 409 562 448 velint,
582 406 782 451 sycophantis
798 405 964 449 injustiora
981 405 1104 446 facere,
1123 406 1159 438 hi
1178 408 1265 439 enim
1283 409 1381 440 vitam
1398 409 1502 441 adhuc

177 451 397 508 reliquerunt,
424 462 540 506 quibus
563 472 638 504 opes
661 458 860 499 adimebant,
891 470 948 490 nos
971 470 1046 492 vero
1070 459 1152 491 nihil
1173 460 1249 492 mali
1271 462 1504 493 committentes

178 518 374 556 occidemus,
405 521 444 547 ut
469 526 581 547 eorum
606 514 744 557 pecunia
767 513 949 555 potiamur,
978 512 1063 555 quod
1086 524 1150 556 quo
1179 520 1271 556 pacto
1299 517 1386 546 omni
1413 527 1504 559 syco-

177 570 371 613 phantarum
393 568 526 599 facinori
554 578 620 599 non
643 572 690 598 est
715 565 866 610 injustius
885 565 959 608 (2)?
994 565 1103 597 Nihilo
1132 572 1239 598 tamen
1264 569 1369 600 minus
1394 569 1503 601 decem

177 620 506 664 comprehenderunt,
525 620 610 651 inter
630 630 747 663 eosque
767 620 847 651 duos
865 620 992 663 inopes,
1013 626 1052 652 ut
1069 620 1208 663 speciem
1229 632 1295 663 prae
1314 633 1347 653 se
1365 623 1504 662 ferrent,

176 675 246 708 haec
265 686 332 706 non
350 674 434 705 lucri
455 685 564 714 causa,
585 672 640 705 sed
659 674 796 706 civitatis
816 684 891 716 ergo
909 674 994 714 fieri,
1015 679 1048 705 et
1066 685 1100 705 se
1119 680 1243 717 paratos
1262 685 1328 706 esse
1345 675 1382 706 ad
1400 677 1505 707 omnia

176 728 238 760 rite
262 727 464 770 exsequenda
485 726 542 769 (3).
581 727 671 757 Licet
690 737 766 759 vero
787 738 825 758 eo
852 732 995 769 tempore
1019 727 1131 759 decem
1156 733 1283 759 tantum
1308 728 1505 772 delegerint,

175 786 283 824 postea
305 786 413 811 tamen
432 779 665 822 inquilinorum
685 780 1016 822 opulentissimorum,
1042 780 1081 811 ab
1104 781 1142 812 iis
1157 781 1418 822 interemtorum,
1441 794 1508 814 nu-

176 844 286 866 merus
309 832 349 863 ad
365 833 528 875 sexaginta
549 832 651 863 crevit
670 831 729 874 (4).
755 832 794 862 In
813 831 980 873 inquilinis
999 832 1052 870 iis,
1080 834 1136 875 qui
1159 833 1304 865 furorem
1323 836 1507 867 avaritiam-

178 896 243 929 que
262 891 474 929 tyrannorum
492 885 617 928 experti
638 889 732 924 sunt,
762 884 826 915 fuit
849 884 972 927 LysiaS,
997 890 1100 916 orator
1124 885 1363 928 subtilissimus,
1387 899 1507 921 venus-

177 939 336 978 fissimus,
363 949 461 982 quem
481 938 572 981 sequi
596 949 661 969 non
685 936 872 980 poenitebit,
899 937 1130 980 simplicissime
1154 945 1251 982 atque
1275 940 1507 984 elegantissime

177 998 375 1032 narrantem,
401 1003 473 1034 quae
494 991 553 1022 sibi
575 991 732 1034 fratrique
752 1001 810 1022 suo
831 990 1038 1021 Polemarcho
1058 991 1261 1034 philosopho,
1289 994 1404 1025 misere
1420 1006 1507 1026 mor—

177 1053 243 1079 tem
269 1045 449 1088 oppetenti,
473 1043 647 1075 acciderint
668 1043 726 1085 (5).
752 1043 907 1081 Quamvis
931 1043 1018 1073 enim
1038 1043 1180 1085 alioquin
1201 1045 1228 1074 is
1245 1046 1301 1084 sit,
1330 1047 1387 1088 qui
1412 1047 1507 1079 rebus

177 1098 259 1129 fictis
279 1107 463 1139 germanam
482 1094 655 1137 quamdam
668 1094 738 1127 veri
754 1094 893 1137 speciem
911 1094 1028 1126 addere
1046 1096 1179 1128 mirifice
1196 1098 1293 1139 possit
1312 1097 1376 1141 (6),
1403 1098 1508 1142 (quod

176 1150 246 1182 sine
265 1148 362 1180 dubio
383 1148 418 1178 in
439 1147 640 1178 Theramene
664 1146 762 1189 fecit)
775 1170 784 1186 ,
809 1146 882 1179 haec
901 1153 1010 1179 tamen
1033 1148 1111 1180 facti
1136 1151 1293 1182 enarratio
1314 1151 1378 1182 sola
1401 1158 1449 1183 est
1467 1164 1508 1184 ex

177 1203 232 1242 iis,
257 1211 331 1244 quae
351 1199 451 1245 hujus
472 1199 604 1243 quidem
625 1200 750 1243 generis
770 1200 811 1232 ad
830 1212 887 1232 nos
906 1212 1099 1244 pervenere,
1123 1203 1159 1234 in
1179 1215 1242 1246 qua
1260 1204 1331 1235 talis
1343 1205 1508 1238 invenitur

177 1255 337 1287 accuratio
359 1254 395 1285 in
418 1252 614 1296 exponendis
637 1252 734 1285 rebus
755 1253 905 1297 singulis,
930 1254 1058 1297 qualem
1082 1255 1154 1288 vult
1169 1255 1298 1288 historia
1313 1257 1381 1300 (7),
1404 1269 1444 1289 ex
1464 1260 1508 1290 eis

177 1313 332 1351 praeterea
350 1317 416 1339 esse
436 1306 579 1347 videtur,
601 1317 674 1350 quae
692 1306 831 1338 fortassis
853 1309 1096 1351 exaggeratione
1118 1309 1225 1341 minus
1248 1310 1441 1354 indigerent.

223 1361 365 1404 Tyranni
385 1360 501 1403 igitur,
526 1359 702 1392 distributis
720 1360 806 1392 inter
825 1372 859 1392 se
881 1361 1017 1402 aedibus,
1042 1361 1097 1393 alii
1116 1362 1190 1403 has,
1214 1363 1268 1395 alii
1289 1364 1359 1396 illas
1379 1371 1506 1408 petunt.

177 1414 245 1455 Illi,
266 1414 323 1457 qui
337 1413 377 1445 ad
391 1413 730 1457 comprehendendum
741 1414 886 1457 Lysiam,
909 1426 984 1447 cum
1000 1415 1208 1448 Polemarcho
1223 1418 1258 1448 in
1273 1417 1391 1461 clypeis
1408 1418 1510 1451 fabri-

179 1467 288 1499 candis
316 1478 446 1510 operam
474 1473 696 1508 exercentem,
724 1468 1026 1511 proficiscebantur,
1051 1470 1140 1502 hunc
1166 1471 1252 1503 domi
1283 1483 1348 1504 suae
1371 1473 1509 1516 hospites

180 1521 326 1553 convivio
346 1521 559 1563 excipientem
580 1521 792 1562 invenerunt,
815 1522 932 1565 quibus
949 1524 1076 1563 amotis,
1096 1524 1190 1556 illum
1209 1525 1316 1556 Pisoni
1334 1526 1508 1567 tradidere,

181 1574 288 1605 caeteri
312 1573 351 1605 ad
369 1573 527 1604 officinam
545 1574 682 1616 profecti
707 1575 866 1617 mancipia
887 1575 1090 1618 descripsere.
1117 1579 1239 1620 LysiaS,
1264 1584 1302 1610 ut
1326 1579 1510 1621 periculum

179 1625 439 1669 subterfugeret,
470 1627 619 1658 Pisonem
649 1628 877 1670 interrogavit,
910 1640 950 1660 an
982 1640 1014 1661 se
1043 1629 1160 1672 vellet,
1193 1631 1330 1674 pecunia
1358 1634 1507 1676 accepta,

240 1758 273 1788 (1)
289 1758 394 1788 Lysias,
413 1758 473 1781 ibid.

240 1798 274 1828 (2)
292 1797 402 1827 Xenoph.
419 1798 480 1821 ibid.
499 1799 511 1828 §
529 1806 566 1822 22.

240 1837 274 1868 (3)
288 1838 394 1868 Μαίας,
411 1837 473 1861 ibid.
493 1845 519 1868 p.
541 1838 592 1869 195.

241 1877 274 1907 (4)
291 1878 371 1900 Diod.
388 1877 459 1907 xiv,
478 1878 500 1901 5.

240 1917 274 1948 (5)
290 1918 362 1941 Plut.
382 1918 411 1941 de
427 1926 470 1941 esu
485 1919 609 1947 carnium,
630 1919 647 1943 l.
667 1920 684 1943 1.
704 1921 745 1952 qui
760 1922 826 1945 euim
843 1922 882 1946 hic
897 1928 1058 1953 memoratur,
1080 1923 1144 1947 idem
1165 1929 1213 1954 est,
1244 1925 1348 1955 Taylore
1368 1925 1461 1956 judice,
1480 1926 1507 1949 iu

185 1958 246 1982 Vita
261 1958 368 1989 Lysiae,
387 1966 412 1988 p.
430 1959 472 1988 46,
492 1958 519 1982 in
532 1963 591 1982 nota
609 1967 629 1983 c.

241 1998 274 2029 (6)
291 1998 349 2022 vid.
366 1998 430 2022 Nob.
451 1999 606 2029 Mltfbrdius,
624 2008 644 2023 c.
665 2008 685 2024 c.
703 2008 728 2032 p.
744 2002 780 2024 64.

241 2038 280 2068 (7)
297 2039 365 2063 Idem
382 2044 465 2063 monet
485 2040 626 2070 Gilliesius,
646 2049 670 2065 v.
688 2041 712 2064 d.
727 2041 754 2065 in
773 2049 796 2065 0.
812 2043 830 2066 l.
850 2050 874 2074 p.
896 2051 946 2066 101.
