1763 2511
771 239 787 280 ‹
812 238 853 271 ⁵³
875 240 892 282 )
1044 293 1050 294 ff

165 350 1490 388 Ἣ,

543 465 882 513 ADDITAME
889 474 930 514 N
933 476 1090 519 TUM.

730 613 897 622 ᾖ

141 713 228 777 Ipso
252 750 404 791 temporis
429 751 597 784 intervan
619 753 710 795 quod‘
728 755 852 787 effluxit
878 770 895 789 a
919 759 970 791 die
996 762 1035 794 15
1061 763 1152 796 Junii
1174 767 1276 807 1826,
1301 770 1365 812 qua
1387 772 1484 804 Com-

139 802 295 832 mentatio
317 801 386 834 haec
404 810 511 836 nostra
532 807 738 840 ornatissimae
757 809 903 843 facultati
925 813 989 845 fuit
1011 819 1206 860 transmissa,
1229 821 1269 853 ad
1289 822 1383 855 illum
1396 825 1481 858 diem

139 864 203 896 quo
218 856 303 898 typis
320 856 384 888 fuit
401 858 565 899 mandata,
582 859 691 902 plures
710 862 749 893 de
761 865 908 896 causticis
927 872 1211 905 commentationes
1226 875 1259 905 in
1275 875 1375 908 diario
1389 878 1483 911 illus-

135 908 218 939 triss.
257 909 441 952 Gergonnii
470 912 606 944 fuerunt
636 914 750 952 editae,
787 928 926 960 quarum
954 933 1019 953 una
1050 935 1087 955 ea
1120 932 1168 957 est
1196 939 1294 970 quam
1329 931 1481 975 Gergou-

114 960 229 998 ‘nius‚
256 974 329 1005 pag.
347 964 428 1005 354,
447 965 510 998 vol.
527 966 608 1007 XV,
630 969 818 1001 eorumdem
840 973 1015 1007 Annalium
1036 977 1199 1020 pollicitus
1219 987 1281 1021 est,
1304 989 1336 1014 et
1355 984 1395 1016 de
1413 987 1477 1028 qua

135 1013 196 1045 sub
210 1015 275 1047 fine
293 1020 585 1061 commentationis,
598 1033 709 1054 sumus
724 1022 838 1056 locuti:
859 1026 929 1058 haec
944 1033 1171 1063 commentatio
1191 1034 1286 1066 titulo
1304 1036 1479 1080 insignitur

131 1067 378 1111 inquisitionum
400 1073 632 1116 analyticarum
657 1075 697 1107 de
722 1079 956 1119 superficiebus
978 1085 1135 1116 causticis.

175 1121 247 1153 Alia
273 1127 499 1158 commentatio
519 1134 566 1158 est
598 1139 729 1172 quoque
757 1130 962 1173 Gergomzii:
993 1135 1028 1166 in
1052 1136 1112 1168 hac
1134 1138 1174 1170 ad
1194 1142 1378 1183 superficies
1399 1155 1476 1176 cur-

129 1187 185 1207 vas
216 1178 362 1210 extendit
391 1179 658 1223 simplicissimam
697 1182 1001 1219 demonstrationem
1035 1191 1188 1235 principii
1224 1194 1475 1230 fundamentalis

126 1228 260 1261 theoriae
296 1232 511 1265 causticarum
542 1246 601 1277 per
624 1235 869 1279 refractionem,
897 1251 995 1283 quam
1030 1244 1131 1276 edidit
1155 1246 1272 1279 illustr.
1314 1250 1475 1283 Timmer-

70 1303 75 1307 .
126 1292 247 1320 mans,
289 1284 471 1317 Academiae
500 1287 719 1321 Gandavensis
760 1290 937 1324 Matheseos
968 1295 1106 1337 Doctor,
1148 1305 1181 1330 et
1214 1301 1249 1332 in
1282 1302 1358 1334 Ath.
1392 1305 1471 1349 Reg.

126 1331 320 1369 Tornacensi
343 1338 443 1370 Math.
469 1340 576 1381 profi,
607 1341 670 1374 vol.
698 1343 723 1374 I.
747 1355 820 1386 pag.
844 1346 930 1387 336,
961 1348 1055 1382 diarii
1076 1351 1154 1384 dicti
1183 1354 1473 1398 Cor-respondance

126 1390 392 1434 mathe‘matique
412 1394 645 1437 etplzysiqzce:
670 1402 708 1428 ut
728 1403 837 1440 pateat
865 1403 984 1443 quanti·
1003 1405 1045 1435 sit
1060 1409 1216 1439 momenti
1242 1409 1312 1441 haec
1337 1411 1474 1444 demon-

124 1445 251 1485 stratio,
277 1452 503 1494 quantumque
522 1448 638 1481 illustr.
666 1451 925 1492 TimmermanS,
953 1456 993 1488 de
1008 1458 1131 1491 theoria
1153 1463 1367 1496 causticarum
1387 1465 1471 1498 hene

126 1499 298 1539 meruerit,
320 1500 458 1532 referam
480 1513 551 1545 quae
567 1503 606 1534 de
622 1503 659 1535 ea
675 1505 829 1548 praedicat
845 1507 931 1540 idem
946 1509 1063 1543 illustr.
1085 1513 1316 1557 Gergonnius,
1340 1519 1469 1561 quando

126 1551 235 1592 paucis
257 1552 379 1596 colligit
399 1554 503 1587 verbis
523 1556 657 1589 theoriae
680 1560 893 1593 causticarum
913 1563 1078 1598 historiam
1098 1580 1115 1599 a
1137 1575 1282 1613 tempore
1311 1572 1469 1606 Tsclzimss

125 1603 254 1636 hausen
275 1606 314 1638 ad
334 1607 425 1639 hunc
445 1621 547 1652 usque
565 1611 668 1643 diem:
694 1613 768 1644 Des
791 1616 987 1650 recherches
1002 1621 1161 1652 relatives
1182 1623 1205 1653 ἁ
1223 1625 1387 1667 quelques
1409 1639 1467 1660 cas

123 1658 286 1698 speie-iaaac
301 1661 341 1691 de
361 1662 521 1704 reflexion
538 1670 573 1695 et
592 1665 633 1697 de
654 1666 853 1708 refraction,
876 1683 961 1704 noas
981 1675 1120 1706 avaient
1133 1677 1287 1709 concluits
1303 1680 1362 1711 de‘s
1379 1682 1465 1714 1815

123 1710 147 1740 ἅ
173 1722 382 1753 Scap-conflet·
407 1727 473 1757 que
500 1718 530 1748 le
549 1720 632 1760 plus
660 1729 821 1761 soavent,
854 1725 912 1756 des
941 1728 1122 1772 caustiques
1154 1730 1219 1762 fort
1247 1733 1465 1777 compliquees

121 1766 309 1805 pourraient
324 1767 482 1801 tres-bien
498 1771 599 1804 n'etre
616 1785 681 1817 que
696 1775 742 1807 les
759 1776 971 1823 developpees
990 1782 1128 1815 d'autres
1145 1784 1279 1820 courbes
1294 1786 1463 1833 beaucoup

119 1816 194 1859 plus
216 1820 364 1863 simples:
387 1835 427 1854 en
447 1825 549 1867 1825,
571 1828 626 1859 M.
647 1829 774 1872 sturm,
799 1844 840 1863 en
865 1837 1112 1868 camote‘risant
1128 1839 1164 1869 la
1187 1840 1307 1871 courbe
1328 1841 1410 1873 dont
1427 1844 1462 1874 la

119 1873 298 1915 caustz'que
318 1876 459 1909 relative
483 1891 529 1910 αιι
555 1882 678 1919 cerole,
708 1890 761 1915 est
787 1886 823 1916 la
849 1886 1067 1931 de'veloppe'e,
1098 1891 1204 1923 donn-e
1237 1904 1285 1924 un
1307 1906 1461 1927 nouveczu

114 1924 217 1965 poids
243 1927 269 1957 ἄ
288 1935 372 1960 cette
389 1931 588 1974 conjecture.
613 1935 769 1980 Pte-sque
793 1951 834 1970 en
850 1942 954 1973 me¹me
975 1948 1077 1982 tems,
1100 1946 1155 1977 M.
1172 1946 1325 1985 Quetelet
1339 1950 1461 1990 public>

117 1988 178 2008 sur
197 1979 247 2011 les
266 1984 463 2026 onustiques
481 1987 606 2027 planes
631 2001 673 2021 en
689 1994 850 2034 ge'ne'ral,
875 1995 1052 2040 d’e'legans
1074 1998 1255 2032 the'ore'mes
1278 2002 1358 2032 dont
1375 2014 1459 2033 ceu-x

117 2030 158 2063 de
181 2033 236 2065 M.
256 2034 366 2069 Sturm
386 2050 427 2070 ne
456 2040 655 2075 deviennent
673 2046 758 2087 plus
787 2048 846 2079 des
873 2049 940 2080 lors
967 2062 1033 2093 que
1064 2052 1122 2084 des
1147 2065 1206 2085 cas
1226 2055 1461 2096 particuliers..

1081 2106 1103 2138 8
