1763 2511
755 203 771 245 (
798 203 838 235 55
861 204 876 245 )

150 275 271 307 Officiis
290 276 346 308 lib.
368 277 392 307 Ι.
416 288 485 318 cap.
512 278 568 315 17,
587 274 644 306 ubi
665 274 829 317 disputans
852 276 892 307 de
912 275 1087 309 liberorum
1108 289 1183 321 erga
1208 285 1356 322 parentes
1375 280 1483 311 officiis

150 329 276 361 nullam
301 330 380 373 legis
403 330 626 361 auctoritatem
652 328 764 367 affert,
794 328 882 370 quod
909 329 1026 372 alioqui
1056 332 1224 373 saepissime
1251 332 1338 363 facit.
1377 333 1484 372 Quam

148 384 307 427 sapienter
318 384 404 415 idem
423 383 517 414 Solon
534 383 568 412 in
589 380 762 424 parricidas
783 380 912 413 nullum
925 383 1126 415 constituerit
1145 385 1340 427 supplicium
1353 409 1361 424 ,
1383 397 1483 428 appa-

149 442 199 467 ret
219 448 236 468 e
252 437 468 468 Romanorum
486 435 735 478 comparatione,
753 435 825 477 qui,
846 446 921 466 cum
944 436 1026 467 illud
1047 437 1149 468 scelus
1170 439 1352 481 gravissime
1375 439 1483 470 vindi-

149 490 289 522 candum
317 489 530 520 censuissent:
555 500 574 519 ))
585 488 785 530 parricidoe,
812 495 850 520 ut
878 489 921 520 ait
941 489 1078 529 Seneca,
1101 502 1175 521 cum
1200 492 1272 534 lege
1291 498 1478 533 coeperunt,

146 550 181 576 et
200 543 288 574 illud
299 542 438 585 facinus
457 554 569 584 poena
586 541 815 573 monstravit.’'
832 542 1048 574 Conferantur
1063 543 1124 574 hoc
1145 543 1228 583 loco,
1255 555 1327 587 quae
1347 550 1482 575 annota—

146 597 251 630 vimus
273 596 314 627 ad
332 602 430 639 caput
448 595 490 627 25
517 595 695 627 Orationis:
715 606 778 636 pro
804 596 837 626 S.
864 596 987 627 Roscio
1012 597 1193 627 Amerino.

189 660 298 690 Posset
323 660 419 690 etiam
442 659 507 690 huc
533 659 648 690 referri
670 658 735 701 jus
761 659 1022 700 applicationis,
1056 660 1142 702 quod
1168 659 1207 690 ab
1234 659 1482 691 Atheniensibus

145 713 186 745 ad
208 713 364 744 Romanos
387 713 574 744 translatum
596 713 723 751 serunt,
747 723 811 754 quo
832 712 1027 755 cogebantur
1046 714 1209 756 peregrini
1231 713 1371 755 aliquem
1393 724 1410 744 e
1435 714 1481 743 ci-

144 765 236 799 vibus
257 772 430 809 patronum
447 765 504 797 sibi
524 765 714 803 adsciscere,
735 764 791 806 qui
806 775 877 795 suas
893 775 942 795 res
961 771 1084 807 ageret;
1109 766 1143 796 id
1162 777 1237 797 vero
1256 765 1306 809 jus
1323 777 1397 797 cum
1413 767 1480 808 ipse

145 819 255 850 Cicero
275 819 377 850 dicat:
403 831 421 850 ))
436 819 612 849 obscurum
632 829 714 848 sane
735 823 767 848 et
790 817 980 860 ignotmn’',
1008 817 1098 848 nobis
1113 817 1246 849 *difficile
1265 819 1305 849 sit
1319 818 1479 862 judicare,

143 878 255 903 utrum
276 872 310 903 id
336 873 470 903 Romani
492 871 606 902 melius
628 871 781 911 fecerint,
804 882 863 902 nec
883 882 935 902 ne.

186 934 299 977 Itaque
320 946 422 977 pauca
443 934 585 965 dicamus
608 934 648 965 de
669 945 704 965 re
728 934 874 974 militari,
903 945 1000 977 quam
1023 935 1114 966 tertio
1135 935 1203 966 loco
1224 936 1334 966 Cicero
1355 946 1479 966 memo-

141 992 200 1017 rat.
230 986 330 1030 Cujus
353 999 428 1018 cum
450 987 677 1030 antiquissimis
692 987 887 1030 temporibus
903 999 987 1030 pene
1002 989 1098 1020 rudes
1117 995 1220 1019 essent
1236 989 1387 1028 Romani,
1404 1001 1478 1019 mox

141 1039 298 1083 Vejorum
318 1040 496 1080 obsidione,
524 1041 698 1072 certamine
719 1041 806 1083 quod
826 1053 901 1072 cuni
926 1041 1049 1082 Pyrrho
1075 1041 1261 1080 subierunti
1288 1053 1324 1072 ac
1345 1053 1480 1084 praeser-

141 1093 199 1124 tim
224 1092 315 1124 bellis
330 1094 463 1125 Punicis
485 1094 563 1125 adeo
587 1093 703 1136 peritia
724 1094 811 1124 aucti
832 1100 928 1133 sunt,
956 1099 994 1124 ut
1017 1093 1149 1136 reliquis
1179 1093 1326 1124 omnibus
1353 1094 1479 1136 populis

140 1147 360 1178 institutorum
379 1147 533 1190 sapientia
550 1147 731 1191 praestitisse
751 1147 932 1180 videantur.
951 1147 1107 1189 Exemplo
1123 1147 1187 1177 sint
1203 1158 1368 1178 armorum
1384 1148 1478 1186 ratio,

139 1199 253 1243 proelii
276 1200 464 1232 conferendi
483 1200 597 1231 modus
610 1224 618 1240 ‚
644 1207 744 1232 castra
772 1200 913 1232 metandi
940 1201 1128 1241 artificium,
1154 1200 1205 1245 jus
1224 1201 1297 1233 vitae
1317 1212 1353 1231 ac
1374 1201 1477 1239 necis,

139 1253 225 1296 quod
255 1265 312 1297 per
337 1254 460 1286 bellum
488 1254 554 1286 dux
585 1255 620 1285 in
651 1254 768 1285 milites
793 1254 946 1293 habebat,
983 1254 1101 1297 absque
1129 1254 1195 1285 ulla
1225 1254 1475 1296 provocatione3

139 1307 325 1350 triumphus
356 1307 517 1351 denique,
548 1314 719 1351 ceteraque
746 1308 893 1350 praemia,
923 1306 1041 1350 quibus
1072 1313 1129 1338 aut
1155 1307 1391 1349 Imperatorum
1421 1313 1478 1338 aut

137 1359 279 1391 militum
298 1361 449 1403 sagacitas
469 1373 505 1392 ac
527 1360 682 1392 fortitudo
704 1361 810 1392 ornari
831 1360 960 1392 solebat.
987 1360 1099 1391 Unum
1118 1366 1226 1390 tamen
1245 1361 1421 1398 succurrit,
1442 1360 1476 1390 in

138 1424 202 1455 quo
226 1414 333 1445 minus
359 1425 412 1445 eos
436 1414 587 1453 laudem,
617 1414 703 1457 quod
726 1415 882 1445 nimirum
903 1425 1026 1445 annuos
1055 1414 1256 1456 magistratus
1283 1413 1475 1444 exercitibus

139 1466 374 1507 praeficiebant‚
402 1468 459 1509 qui
485 1473 517 1497 et
538 1467 741 1498 comitiorum
765 1478 859 1498 causa
880 1466 1016 1498 subinde
1033 1466 1165 1497 Romam
1187 1472 1417 1504 avocarentur,
1443 1472 1474 1496 et

140 1519 371 1550 successoribus
391 1520 455 1551 suis
475 1531 558 1562 saepe
579 1520 655 1551 belli
673 1527 827 1552 eventum
848 1520 1031 1562 relinquere
1054 1520 1218 1551 deberent.
1254 1520 1365 1550 Fateor
1390 1519 1473 1550 hanc

139 1570 239 1612 ipsam
261 1572 388 1613 imperii
408 1571 598 1604 brevitatem
621 1573 805 1604 consulibus
825 1583 929 1604 acrem
951 1573 1117 1603 stimulum
1142 1573 1255 1612 fuisse,
1278 1579 1315 1603 ut
1330 1574 1364 1603 in
1379 1572 1474 1604 rebus

140 1623 287 1665 gerendis
313 1631 542 1666 properarent,
570 1625 625 1669 sed
650 1625 723 1668 plus
750 1620 830 1656 mali
851 1625 928 1656 huic
958 1626 1104 1657 instituto
1129 1626 1252 1665 inerat,
1280 1625 1366 1668 quod
1391 1626 1474 1658 Livii

138 1676 242 1707 verbis
261 1677 429 1719 probatur,
454 1677 528 1720 (lib.
547 1678 606 1708 IX.
633 1690 701 1721 cap.
724 1679 801 1721 lS):
827 1691 845 1710 3)
861 1690 954 1710 nemo
970 1679 1052 1719 plus
1073 1690 1175 1720 quam
1201 1690 1325 1708 annum
1352 1690 1473 1709 consu-

138 1740 157 1760 ))
181 1731 288 1760 latam
307 1731 418 1772 gessit
424 1744 437 1768 ,-
460 1731 504 1761 ab
524 1732 667 1763 tribunis
681 1733 796 1774 plebis
818 1733 964 1764 delectas
991 1731 1143 1772 impediti
1164 1737 1265 1761 sunt:
1287 1737 1371 1772 post
1389 1737 1474 1761 tem—

139 1792 157 1812 »
177 1793 244 1823 pus
271 1782 318 1812 acl
339 1783 428 1813 bella
447 1784 578 1814 ierunt:
603 1791 681 1816 ante
703 1791 831 1826 tempus
852 1786 1058 1816 comitiorum
1084 1776 1190 1815 eausa
1210 1784 1356 1815 revocati
1376 1790 1471 1814 sunt:

136 1845 154 1865 5)
180 1834 215 1865 in
239 1835 311 1876 ipso
335 1842 456 1867 conatu
477 1848 585 1867 rerum
609 1838 806 1881 circumegit
837 1850 873 1870 se
901 1850 1009 1870 annus
1023 1849 1033 1868 .·
1058 1838 1206 1880 collegae
1225 1849 1312 1868 nunc
1340 1839 1477 1868 temeri-

136 1897 155 1918 »
180 1893 253 1924 tas,
290 1900 378 1919 nunc
399 1890 575 1930 pravitas,
617 1891 849 1932 impedimento
879 1898 942 1922 auh
968 1892 1087 1923 damno
1105 1890 1204 1933 fuit:
1244 1891 1332 1921 male
1359 1891 1467 1934 gestis

137 1951 156 1971 ³>
180 1941 278 1972 rebus
303 1942 444 1974 alterius
473 1955 665 1975 successum
688 1951 762 1976 esc.-
788 1947 930 1978 tironum
960 1951 1021 1977 aut
1044 1945 1136 1976 mala
1161 1944 1345 1987 disciplina
1370 1944 1476 1975 insti--

138 2003 156 2024 ))
181 1999 288 2024 tutum
310 1995 491 2027 exercitum
512 1997 740 2038 acceperunt?
