1763 2511
769 215 882 257 (47)

159 294 312 327 alterutra
336 293 463 325 differet
485 304 521 324 eo
553 292 675 328 minus,
712 300 776 331 quo
804 288 911 319 radius
938 287 1050 318 circuli
1081 287 1173 330 cujus
1202 293 1349 318 centrum
1376 294 1423 318 est
1447 288 1492 327 C,

160 350 221 381 erit
240 348 339 393 major
360 348 483 379 ratione
505 345 611 377 habita
632 343 671 374 ad
692 341 872 372 distantiam
895 341 1009 384 puncti
1034 340 1060 371 A
1082 340 1121 371 ab
1138 340 1207 384 ejus
1228 341 1409 384 peripheria
1424 365 1432 381 ,
1462 347 1494 373 et

159 414 223 446 quo
244 401 340 433 simul
361 400 569 432 coessicientes
590 397 653 427 duo
677 396 783 426 minus
807 407 823 425 a
848 406 881 425 se
905 395 1044 426 invicem
1066 394 1300 438 discrepabunt.

203 455 259 486 His
276 452 509 490 demonstratis,
531 450 643 481 transit
657 454 768 480 auctor
790 448 829 479 ad
849 447 1049 491 probandum
1069 449 1244 480 normalem
1266 450 1300 480 in
1324 456 1445 492 puncto
1459 451 1493 481 M

160 519 269 540 curvae
299 507 338 537 de
369 504 432 548 qua
459 505 588 547 agitur,
620 501 782 533 confluere
811 514 886 534 cum
922 502 1009 533 radio
1034 503 1170 534 refracto
1202 503 1259 534 Ml.
1292 504 1339 534 Sit
1362 505 1492 548 itaque,

159 562 280 604 inquit,
306 559 369 591 MN
391 559 462 590 haec
486 557 654 596 normalis,
685 568 788 599 quum
814 567 939 599 semper
964 567 1002 587 ex
1024 562 1145 599 puncto
1167 558 1278 599 quovis
1308 564 1435 600 sumpto
1458 559 1493 589 in

158 614 261 657 planae
276 624 382 645 curvae
404 611 587 656 cujusdam,
610 610 684 642 duci
701 616 832 653 possunt
849 610 888 641 ad
903 610 986 641 hanc
1006 621 1136 641 curvam
1152 622 1234 649 una,
1252 610 1400 653 pluresve
1416 624 1494 643 nor—

156 667 275 706 males,
305 672 444 709 ponatur
473 665 649 696 normalem
683 664 745 695 MN
775 663 815 694 ad
845 675 977 695 curvam
1003 664 1196 706 propositam
1224 674 1290 694 esse
1321 675 1392 695 eam
1419 676 1492 707 quae

157 721 270 751 transit
299 731 357 762 per
385 724 543 762 punctum
564 719 666 749 fixum
690 718 715 748 P
736 723 902 760 sumptum
929 718 962 748 in
989 717 1049 748 hoc
1070 716 1175 760 plano.
1212 717 1319 748 Portio
1348 717 1408 748 PM
1433 718 1494 749 erit

157 773 332 803 minimum
356 772 407 805 vel
422 772 605 802 maximum
626 772 709 801 inter
733 781 843 801 omnes
859 776 960 801 rectas
979 781 1050 813 quae
1076 770 1151 802 duci
1172 777 1298 813 queunt
1316 781 1355 802 ex
1372 777 1493 814 puncto

157 826 183 857 P
206 826 247 857 ad
271 825 416 857 eamdem
438 837 580 858 curvam.
607 823 691 867 Ergo
716 835 841 855 summa

550 900 552 903 ψ
572 878 675 920 p.PM
692 878 727 916 —}-
743 877 838 908 α.ΜΒ
855 877 891 914 4-
914 877 1021 907 b.MA.

156 943 190 973 in
214 953 276 985 qua
291 953 318 983 p
344 942 474 973 denotat
495 942 723 974 coefficientem
745 948 942 973 constantem
965 941 1185 982 arbitrarium,
1204 942 1265 973 erit
1289 953 1418 985 quoque
1440 942 1492 975 vel

157 996 330 1026 minimum
353 995 405 1028 vel
433 996 628 1026 maximum.
656 996 705 1026 Ex
730 995 780 1026 his
803 996 922 1034 oritur,
951 995 1129 1027 secundum
1154 996 1316 1026 theorema
1342 995 1403 1026 alio
1423 996 1492 1027 loeo

157 1049 426 1088 demonstratum,
444 1049 571 1092 quodsi,
589 1055 710 1091 puncto
731 1049 763 1080 M
786 1055 849 1080 tres
871 1049 1073 1091 applicantur
1091 1050 1175 1080 vires
1190 1049 1369 1080 secundum
1386 1048 1492 1080 direc-

155 1103 257 1134 tiones
271 1103 346 1142 PM,
368 1103 445 1141 ΒΜ,
470 1103 552 1142 AM,
578 1109 610 1134 et
630 1102 880 1144 proportionales
905 1102 945 1132 ad
965 1102 1158 1144 quantitates
1171 1114 1221 1144 p,
1241 1114 1282 1139 a,
1302 1104 1338 1140 b,
1363 1114 1492 1146 quoque

156 1157 299 1198 ipsarum
331 1157 377 1188 vis
401 1156 505 1186 media
529 1162 683 1198 sequetur
713 1156 920 1186 directionem
947 1156 1096 1187 normalis
1133 1156 1205 1187 MN.
1237 1157 1355 1199 Atqui,
1388 1168 1492 1199 quum

155 1220 265 1240 earum
294 1220 357 1240 una
378 1208 441 1252 jam
462 1209 546 1239 lianc
568 1209 777 1240 directionem
797 1215 967 1251 sequatur,
992 1210 1038 1241 vis
1062 1210 1164 1240 media
1187 1210 1322 1241 aliarum
1352 1210 1491 1241 duarum

154 1263 320 1305 agentium
341 1262 519 1293 secundum
543 1261 604 1293 ΒΜ
625 1268 657 1293 et
674 1262 752 1301 AM,
774 1273 904 1305 quoque
924 1269 1077 1305 sequetur
1092 1264 1267 1294 necessario
1283 1264 1491 1295 directionem

154 1315 233 1354 ΜΝ,
257 1321 290 1346 et
315 1315 387 1346 duze
407 1315 457 1346 11ae
478 1315 547 1346 aliae
567 1316 651 1347 vires
676 1326 751 1346 cum
777 1315 880 1347 media
903 1316 959 1347 sua
985 1316 1118 1360 angulos
1142 1317 1357 1348 efformabunt
1381 1317 1490 1356 ΒΜΝ,

154 1368 262 1408 ΑΜΝ,
287 1379 426 1411 quorum
449 1368 536 1399 sinus
557 1369 656 1412 igitur
676 1370 831 1400 rationem
849 1370 1006 1401 inversam
1027 1377 1204 1414 sequentur
1218 1371 1360 1414 ipsarum
1381 1372 1491 1402 inten-

153 1423 301 1462 sitatum,
332 1423 354 1453 i.
377 1433 423 1461 e.‚
449 1432 482 1453 se
501 1422 667 1454 habebunt
688 1424 735 1454 uti
757 1434 788 1454 se
814 1423 910 1454 habet
933 1424 951 1454 b
975 1423 1015 1454 ad
1039 1436 1071 1455 α.
1110 1424 1167 1455 Ast
1191 1424 1239 1454 Ml
1269 1436 1343 1455 cum
1365 1424 1424 1455 ΜΒ
1456 1430 1490 1455 et

155 1474 217 1504 MA
236 1475 368 1518 angulos
388 1475 484 1506 eflicit
510 1487 652 1518 quorum
672 1477 760 1507 sinus
779 1487 812 1507 se
834 1476 955 1508 habent
977 1478 1025 1509 uti
1049 1478 1175 1509 chordae
1198 1478 1239 1508 IB
1261 1484 1293 1509 et
1310 1479 1352 1508 [A
1372 1477 1489 1521 quibus

155 1520 359 1567 innituntur,
384 1528 418 1560 id
443 1535 504 1568 est,
529 1530 578 1560 uti
601 1530 621 1560 b
650 1541 683 1560 se
714 1529 810 1560 habet
837 1530 876 1561 ad
898 1542 919 1561 α
928 1544 941 1569 ,·
966 1542 1042 1574 ergo
1077 1531 1228 1562 normalis
1252 1531 1315 1562 MN
1341 1531 1490 1574 congruit

157 1590 232 1610 cum
252 1580 309 1611 Ml.
335 1581 455 1612 Eodem
477 1581 570 1613 modo
593 1593 642 1613 res
663 1582 935 1615 demonstraretur
959 1596 1017 1627 pro
1041 1585 1272 1627 aequationibus
1290 1585 1335 1627 (2)
1355 1592 1387 1616 et
1407 1585 1465 1628 (ὅ).

200 1633 248 1663 Ex
268 1633 328 1665 hac
352 1636 546 1678 proprietate
568 1641 657 1678 patet
681 1647 812 1668 curvam
835 1649 932 1680 quam
953 1644 1091 1680 tangunt
1113 1638 1194 1670 radii
1218 1639 1348 1670 refracti
1366 1639 1412 1670 IK
1437 1639 1489 1672 vel

155 1686 217 1725 1M‚
249 1687 408 1719 evolutam
439 1699 505 1719 esse
533 1689 631 1720 unius
665 1689 786 1722 aliusve
812 1702 984 1723 curvarum
1009 1691 1072 1734 (1),
1108 1692 1171 1734 (a),
1198 1691 1262 1734 (3);
1300 1693 1389 1734 atqui
1417 1692 1488 1724 haec

156 1749 263 1771 curvae
288 1740 369 1771 nihil
390 1747 437 1772 est
456 1742 516 1773 nisi
543 1743 679 1775 caustica
702 1744 857 1787 producta
877 1745 926 1776 his
950 1745 1045 1777 radiis
1065 1746 1225 1786 refrenem,
1249 1746 1338 1777 unde
1354 1745 1488 1777 conclu—

153 1791 296 1824 dendum
320 1800 366 1825 est
392 1797 577 1835 causticam
597 1797 798 1838 productam
823 1798 1021 1842 refractione
1041 1799 1209 1830 radiorum
1230 1800 1487 1837 luminosarum,

151 1853 338 1887 expuncto
364 1849 510 1890 quodam
527 1862 593 1891 per
616 1851 825 1893 superficiem
845 1853 1044 1893 sphaericam
1073 1854 1323 1885 transeuntibus
1330 1877 1345 1891 ,
1371 1855 1489 1885 evolu-

151 1903 222 1928 tam
244 1910 317 1931 esse
343 1911 453 1933 carvoe
479 1914 556 1945 qzcoe
584 1905 624 1935 eci
644 1905 774 1947 gaudet
788 1907 1012 1947 proprietate,
1037 1914 1076 1939 ut
1097 1918 1229 1939 samma
1250 1909 1486 1950 productorum

150 1952 207 1982 vel
234 1952 425 1996 differentia
453 1957 539 1988 inter
566 1958 681 1989 eadem
703 1960 873 2000 prodacta
905 1961 1143 1992 distantiarum
1172 1973 1249 2004 qaoe
1279 1963 1487 1994 intercedant

152 2004 238 2036 inter
248 2013 380 2048 puncta
400 2019 484 2047 saci,
507 2015 541 2042 et
554 2011 664 2053 ipsum
673 2019 838 2054 punctum
853 2015 1056 2047 luminosam
1063 2038 1075 2053 ‚
1095 2027 1161 2058 per
1173 2016 1256 2048 duos
1269 2017 1484 2060 coqfficientes
