1820 2568
987 205 1085 248 (4)

714 310 843 356 Ordo
892 308 1357 356 Jurisconsultorum.

411 419 447 449 P.
472 418 501 448 J.
528 416 582 447 DE
606 413 813 445 RYCKERE.
838 412 1074 443 Institutiones
1096 411 1188 443 daris
1209 412 1328 444 Civilis
1344 412 1463 453 tradet,
1484 411 1595 444 diebus
1611 413 1698 445 Mer-

368 473 465 510 curii,
492 470 594 508 JoviS,
619 468 754 499 Veneris
776 472 808 497 et
833 465 978 504 Saturni,
1003 465 1080 496 liora
1105 465 1292 496 undecima.

411 524 604 555 Pandectas
625 519 887 563 interpretabitur
909 519 1021 550 diebus
1042 519 1207 559 Mercurii,
1223 520 1326 560 JoviS,
1347 520 1481 551 Veneris
1498 526 1530 551 et
1550 521 1696 560 Saturni,

369 578 444 609 hora
469 577 608 608 decima.

411 631 441 661 J.
466 631 495 660 J.
521 628 642 660 HAUS.
677 628 740 658 Jus
764 627 906 657 Naturae
930 625 1117 669 explicabit,
1149 625 1261 658 diebus
1287 626 1389 667 Jovis,
1419 626 1554 658 Veneris
1582 633 1614 658 et
1641 627 1699 658 Sa—

368 684 473 722 turni,
505 682 582 713 hora
617 681 761 722 septima
794 680 972 718 matutina,
1009 679 1186 710 secundum
1223 679 1342 711 librum
1373 691 1489 711 suum:
1523 681 1699 711 Elementa

367 737 524 767 doctrinae
538 734 632 777 juris
652 733 898 775 philosophicae
921 734 992 763 sive
1006 732 1101 774 juris
1124 734 1302 763 naturalis.
1338 733 1483 765 Gandavi
1508 734 1604 772 1824.

409 790 472 820 Jus
498 788 680 818 Public-um
710 793 743 816 et
776 786 929 816 Gentium
959 785 1099 823 docebit,
1130 785 1241 817 diebus
1271 787 1371 817 Lunae
1398 793 1432 817 et
1459 787 1583 826 Martis,
1618 786 1695 817 hora

366 841 508 883 septima
529 839 696 870 matutina.

410 895 473 925 Jas
501 893 679 924 criminale
702 890 894 921 hodiernum
920 895 1073 932 exponet,
1102 889 1152 920 die
1177 890 1293 930 Lunae,
1319 890 1443 928 Martis,
1470 890 1556 922 Jovis
1578 897 1609 921 et
1630 891 1699 922 Ve-

366 949 450 979 neris
473 947 552 977 hori}⁴
573 946 694 976 octava
716 943 884 974 matutina.

411 1000 602 1031 Historiam
628 1003 661 1028 et
682 997 926 1038 Atztiqaitates
950 996 1044 1026 Juris
1065 996 1210 1026 Romani
1233 994 1393 1026 enarrabit
1411 995 1524 1027 diebus
1546 995 1696 1027 Mercurii

367 1060 399 1085 et
422 1053 550 1083 Saturni
573 1051 649 1082 hora
673 1050 792 1081 octava‘
812 1048 980 1080 matutina.

412 1106 449 1135 B.
474 1105 508 1135 F.
533 1104 563 1134 J.
587 1103 675 1134 VAN
699 1101 930 1132 WAMBEKE.
966 1101 1117 1132 Codicem
1146 1101 1239 1131 Jaris
1273 1101 1384 1131 civilis
1412 1101 1563 1131 hodierni
1595 1101 1697 1132 inter—

367 1164 492 1200 pretare
515 1161 642 1199 perget,
667 1154 778 1186 diebus
803 1155 919 1193 Lunae,
944 1153 1068 1193 Martis,
1094 1153 1259 1192 Mercurii,
1285 1153 1385 1192 Jovis,
1412 1153 1545 1184 Veneris
1577 1159 1609 1184 et
1638 1154 1696 1184 Sa-

368 1211 472 1250 turni,
493 1210 571 1241 110Γὲ
595 1210 692 1240 nond.

411 1265 517 1305 Super
530 1265 657 1293 ratione
665 1261 867 1303 procedendi
881 1262 915 1292 in
930 1262 1044 1292 causis
1056 1260 1213 1292 civilibus
1229 1259 1446 1302 praelectiones
1461 1265 1530 1291 tum
1542 1259 1698 1291 theoreti-

368 1328 436 1356 cas,
449 1322 518 1347 tum
530 1316 681 1358 practicas
695 1320 920 1357 prosequetur,
937 1313 1047 1345 diebus
1062 1314 1229 1352 Mercurii,
1241 1313 1260 1343 J
1262 1315 1343 1352 ovis,
1355 1313 1489 1344 Veneris
1503 1319 1534 1343 et
1549 1313 1696 1351 Saturni,

368 1368 446 1400 hora
469 1368 661 1404 undecima,
692 1373 725 1398 et
742 1367 779 1397 iis
800 1366 965 1406 absolutis,
995 1367 1136 1409 primum
1163 1365 1282 1396 librum
1305 1365 1443 1404 Codicis,
1473 1366 1529 1408 qui
1554 1365 1594 1396 de
1619 1366 1698 1396 Jure

370 1422 555 1453 Mercatorio
572 1421 652 1463 agit,
665 1420 760 1462 gratis
772 1419 958 1462 explicabit,
976 1420 1087 1452 diebus
1100 1420 1251 1451 Mercurii
1262 1426 1295 1450 et
1305 1420 1323 1449 J
1325 1420 1406 1458 ovis,
1422 1419 1499 1449 liora
1511 1418 1696 1449 undecimi.

410 1474 660 1505 Exercitationes
684 1472 904 1515 disputatorias
927 1473 1044 1515 singuli
1068 1472 1262 1504 Professores
1281 1472 1313 1502 in
1336 1470 1592 1514 praelectionibus
1610 1471 1691 1510 suis,

369 1533 511 1569 tempore
532 1531 727 1568 opportuno,
752 1524 1016 1556 moderabuntur.

921 1610 1143 1619 ummsnssaess

413 1662 443 1692 J.
461 1662 496 1691 L.
514 1659 751 1691 BODDAERT.
769 1659 862 1689 Med.
881 1665 914 1689 et
938 1659 1089 1700 Chirurg.
1107 1660 1207 1689 Doct.
1225 1659 1424 1691 Cadaverum
1436 1659 1693 1698 dissentionibus,

370 1715 409 1746 ab
428 1716 501 1756 ipsis
523 1715 692 1744 Anatomes
711 1712 899 1744 professoris
923 1711 1073 1742 lectiones
1093 1711 1299 1742 audientibus
1320 1711 1489 1755 juvenibus
1511 1712 1544 1742 iu
1569 1711 1696 1753 amphi-

370 1768 493 1798 theatro
510 1765 728 1803 instituendis,
756 1765 898 1807 praeerit,
920 1765 1069 1808 illosque,
1091 1764 1150 1796 sub
1169 1764 1385 1796 moderamine
1403 1765 1608 1803 ProfessoriS,
1624 1775 1695 1795 me-

371 1820 506 1851 thodum
526 1819 651 1850 secandi
671 1818 821 1850 cadavera
847 1817 981 1848 docebit.

1159 1869 1212 1897 Ex
1227 1867 1369 1897 Mandato
1386 1868 1517 1897 Hectoris
1525 1889 1536 1902 ,

367 1928 408 1958 D.
432 1924 528 1956 XXV
542 1923 656 1955 Martii.
1053 1924 1195 1954 Senatzis
1209 1922 1417 1953 Academici
1445 1922 1668 1962 Graphiarius
1679 1944 1691 1958 ,

370 1980 413 2011 M.
430 1977 546 2010 DCCC.
564 1976 671 2008 XXV.
1182 1976 1217 2006 F.
1242 1976 1279 2006 E.
1304 1974 1538 2005 VERBEECK.

415 2031 610 2063 Bibliotheca
626 2029 810 2060 Academica
827 2029 1000 2071 unicuique
1020 2028 1140 2071 patebit
1159 2027 1291 2071 singulis
1307 2027 1434 2066 diebus,
1459 2027 1497 2058 ab
1515 2026 1590 2058 hora
1607 2028 1696 2057 nond

372 2087 418 2118 ad
437 2084 622 2120 meridiem,
645 2088 677 2113 et
694 2094 711 2113 a
731 2082 876 2113 secunda
901 2082 1115 2125 pomeridiana
1137 2092 1238 2125 usque
1258 2081 1297 2112 ad
1318 2081 1480 2123 quintam.
