1763 2511
748 230 762 272 (
787 240 821 271 7¹
849 228 867 270 )

737 321 809 351 CAP.
840 322 871 352 6.

375 398 447 429 Nec
474 407 548 428 vero
578 393 774 425 mulieribus
800 411 844 418 --
872 393 1035 424 moderari
1062 394 1232 425 uxoribus.

180 473 278 504 Recta
299 470 426 504 videtur
448 469 515 500 haec
540 468 700 499 Ciceronis
724 457 900 507 sententia3
935 466 1048 497 similia
1072 468 1197 498 monuit
1220 467 1296 498 Cato
1317 479 1373 509 pro
1400 467 1469 509 lege

138 526 242 568 Oppia
267 524 374 555 dicens
394 522 480 565 apud
502 521 640 554 Livium.

725 595 786 626 Ciu>
821 596 872 625 10.

156 671 204 703 Ei
228 670 349 701 Graeci
371 670 503 712 quidem
525 669 728 711 antiquioris
749 687 792 693 —
811 669 851 699 de
871 679 936 711 qao
954 669 1072 705 vellet,
1098 669 1293 699 nominatim
1313 669 1445 699 diceret.

176 744 226 774 De
247 743 422 774 concordiae
442 742 532 786 apud
548 742 675 773 Graecos
692 741 821 772 licentia
842 741 996 773 nonnulla
1015 742 1154 773 diximus
1170 741 1207 772 ad
1230 741 1360 772 Tuscul.
1381 741 1469 782 Disp.

133 797 188 828 lib.
214 797 249 828 I«
266 809 335 839 cap.
362 798 392 826 1.

175 1020 283 1062 Atque
303 1019 347 1050 sic
364 1019 495 1062 quidem
511 1018 772 1063 jucundissimam
794 1021 959 1062 exegimus
976 1029 1119 1061 operam,
1137 1025 1168 1049 et
1185 1030 1241 1060 pro
1257 1024 1362 1048 nostro
1374 1018 1466 1048 insti*

131 1079 201 1105 tuto
224 1084 259 1104 ea
283 1073 442 1103 Ciceronis
462 1072 631 1115 selegimus
651 1073 735 1110 loca,
759 1072 875 1114 quibus
896 1084 1039 1103 summus
1064 1073 1130 1109 xir,
1157 1081 1365 1113 quascunque
1394 1077 1464 1100 [an—

131 1123 204 1158 dem
226 1126 266 1157 ob
286 1137 394 1158 causas
413 1131 469 1157 aut
492 1136 584 1167 aeque
606 1130 662 1155 aut
682 1125 793 1167 inique
813 1124 853 1156 de
882 1125 1001 1156 Graecis
1027 1124 1182 1169 judicasse
1204 1123 1382 1155 censendus
1407 1124 1463 1162 sit;

131 1179 271 1211 modeste
291 1185 444 1222 praeterea
464 1184 496 1209 et
513 1177 646 1208 candide
666 1189 723 1220 pro
741 1184 921 1209 nostrarum
943 1179 1062 1210 virium
1081 1177 1238 1208 tenuitate
1257 1181 1466 1219 argumento—-

129 1233 202 1264 rum
223 1231 398 1263 rationibus
421 1231 464 1262 ad
483 1231 608 1273 singula
634 1231 702 1262 loca
724 1231 928 1274 probavimus
958 1231 1069 1275 judicii
1097 1232 1162 1264 sive
1189 1232 1373 1274 aequitatem
1399 1231 1465 1261 sive

127 1285 343 1328 iniquitatem.
369 1303 412 1308 —
433 1284 600 1327 Superest,
623 1290 661 1315 ut
683 1284 772 1316 brevi
791 1285 978 1317 universum
1004 1285 1164 1316 Ciceronis
1183 1285 1222 1316 de
1246 1285 1365 1315 Graecis
1389 1294 1464 1314 sen-

128 1339 261 1369 tentiam
289 1337 466 1369 secundum
488 1338 669 1380 quaestionis
694 1337 837 1370 ordinem
861 1350 1067 1381 exponamus.

174 1391 361 1422 Graecorum
375 1391 475 1433 igitur
490 1391 612 1422 nationi
627 1402 861 1435 nonnunquam
878 1392 1069 1435 subiniquus
1085 1392 1227 1431 videtur,
1245 1398 1281 1423 ut
1298 1397 1383 1422 recte
1398 1391 1461 1434 jain

128 1444 395 1477 animadverterat
420 1444 581 1483 Muretus,
608 1445 782 1486 praesertim
804 1445 864 1477 ubi
887 1457 989 1478 causae
1013 1447 1152 1479 serviens
1174 1457 1285 1477 eorum
1311 1444 1406 1475 fidem
1427 1445 1461 1474 in

128 1497 313 1527 testimoniis
336 1497 449 1529 elevat.
478 1496 627 1528 Vidimus
651 1498 737 1529 enim
757 1499 928 1531 nonnullos
952 1506 1079 1532 tantum
1105 1501 1250 1539 Graecos,
1277 1505 1309 1530 et
1329 1498 1459 1541 quidem

130 1549 200 1580 inos
225 1550 374 1581 Asiaticos
396 1561 434 1581 eo
457 1551 534 1582 vitio
560 1550 728 1591 laborasse,
755 1552 847 1596 cujus
872 1565 981 1585 omnes
1005 1560 1130 1586 accusat
1157 1553 1277 1584 Cicero.
1304 1552 1459 1591 Quamvis

128 1607 237 1633 autem
255 1601 478 1646 jusjurandum
498 1605 579 1634 tanti
597 1615 663 1635 non
681 1605 818 1636 fecerint
839 1606 958 1647 Graeci,
978 1608 1090 1650 quanti
1107 1607 1257 1645 Romani,
1277 1606 1458 1649 gravissima

128 1667 221 1698 gens,
244 1657 353 1698 negari
379 1662 486 1688 tamen
506 1669 571 1688 non
591 1663 710 1700 potest,
736 1660 933 1702 iniquissima
957 1672 1031 1703 erga
1050 1661 1175 1692 Graecos
1195 1671 1260 1691 esse
1284 1659 1338 1690 illa
1361 1659 1457 1690 *verba

127 1709 161 1739 in
185 1709 336 1740 Oratione
360 1721 418 1752 pro
447 1710 575 1749 Flacco,
605 1722 673 1753 cap.
702 1711 739 1751 4:
783 1713 1057 1745 Testimoniorum
1082 1714 1276 1756 religionem
1300 1719 1334 1743 et
1349 1712 1457 1754 fidem

125 1774 298 1805 nunquam
323 1764 390 1793 ista
409 1765 501 1794 natio
526 1765 647 1801 coluit,
672 1767 841 1808 totiusque
863 1767 1004 1810 hujusce
1027 1768 1075 1798 rei
1097 1778 1185 1809 qaae
1206 1767 1253 1797 sit
1275 1766 1342 1802 vis,
1369 1776 1456 1807 quae

123 1817 326 1852 auctoritas,
359 1817 451 1858 quod
469 1817 619 1858 pondus,
648 1819 792 1861 ignorat.

167 1868 234 1899 Ubi
268 1869 455 1901 Graecorum
486 1870 648 1903 levitatem
683 1873 858 1904 insectatur
888 1873 1019 1913 Cicero,
1058 1883 1291 1915 nonnunquam
1322 1871 1452 1914 quidem

121 1921 210 1953 illam
231 1922 326 1952 nimis
347 1924 507 1966 exagitat,
535 1935 648 1955 verum
671 1925 705 1955 in
730 1925 891 1969 plerisque
914 1933 1021 1958 tamen
1045 1938 1082 1958 ex
1114 1937 1189 1958 vero
1211 1925 1342 1969 judicat.
1370 1925 1451 1963 Quae

123 1976 209 2007 enim
231 1975 413 2017 attulimus,
431 1979 605 2020 praesertim
623 1978 663 2009 de
686 1980 890 2012 concionibus
909 1980 1070 2023 exempla,
1091 1980 1257 2022 insigniter
1273 1979 1397 2010 faciunt
1413 1978 1460 2008 ad.

122 2028 190 2073 ejus
214 2031 404 2062 sententiam
425 2031 631 2074 probandam.
658 2033 828 2066 Nonnullis
850 2040 958 2066 tamen
977 2035 1012 2066 in
1031 2034 1123 2074 locis,
1142 2039 1180 2065 ut
1201 2045 1231 2066 v.
1252 2045 1280 2064 c.
1300 2032 1356 2064 ubi
1371 2030 1450 2062 ridi-
