1763 2511
798 167 813 207 (
842 167 900 205 ¹40
925 167 939 207 )

209 242 340 280 cebant,
358 252 453 283 qnam
477 246 513 270 ut
529 240 715 278 delinirent,
741 250 887 281 quaenam
909 238 1007 282 judici
1028 239 1219 282 probationis
1239 242 1358 283 species
1377 247 1456 273 esset
1475 247 1532 273 'ex-

207 295 341 338 petenda
357 320 364 333 ,
385 301 415 325 et
435 294 635 337 quandonam
658 293 857 336 probationes
879 294 1119 335 requirerentur
1145 293 1288 333 directae,
1310 294 1437 336 quando
1453 295 1534 326 suffi-

207 355 315 380 cerent
327 349 503 387 indirectae,
519 354 551 378 et
566 346 724 389 quomodo
740 347 916 377 testimonia
930 347 1104 389 pugnantia
1122 347 1205 378 inter
1219 359 1251 378 se
1262 348 1532 390 ponderarentur,

206 409 238 433 et
263 413 407 444 quaenam
435 401 567 443 singulis
591 399 666 430 fides
693 405 772 429 esset
796 399 982 442 adjicienda.
1009 399 1083 430 Haec
1107 402 1211 431 onmia
1233 401 1326 431 nimis
1349 401 1479 432 obscura
1501 409 1533 432 et

207 457 326 486 incerta
343 456 416 497 ipsis
435 454 639 492 xidebantur,
657 464 752 495 quam
776 458 812 483 ut
827 463 862 482 ea
883 452 949 482 aliis
964 452 1132 495 judicanda
1148 453 1384 495 relinquerent,
1398 454 1534 497 ideoque

206 511 239 539 in
265 509 389 552 judiciis
416 515 478 539 tam
504 507 648 539 civilibus
671 518 767 549 quam
790 505 1007 537 criminalibus
1028 506 1199 548 simplicior
1219 507 1409 548 procedendi
1431 508 1534 538 forma

207 563 387 593 introducta
413 568 479 601 cst,
505 562 588 604 qua,
615 561 738 603 quoties
764 560 884 589 factum
916 559 1044 601 aliquod
1069 559 1132 602 jam
1157 570 1214 601 per
1235 570 1267 590 se
1285 572 1348 590 non
1375 562 1438 602 ipsa
1460 561 1533 592 luce

206 615 320 646 clarius
345 615 503 654 enitebat,
526 626 599 645 reus
625 615 658 644 in
682 612 838 656 judicium
864 618 1012 651 vocatus,
1040 612 1132 642 modo
1150 611 1252 651 solus,
1273 613 1364 643 modo
1384 613 1532 644 adhibitis

206 668 337 699 testibus
362 675 394 699 et
419 666 732 710 compurgatoribuS,
756 665 963 709 jurejurando
985 676 1017 695 se
1032 665 1235 695 innocentem
1257 665 1477 707 profitebatur,
1502 673 1534 698 et

207 721 303 752 talem
321 733 352 752 se
372 722 530 763 professus
551 721 636 750 omni
662 730 755 761 poena
781 718 1000 749 dimittebatur
1022 719 1193 758 immunis,
1218 719 1261 748 ita
1284 725 1321 749 ut
1345 719 1535 751 deterrimus

208 775 343 817 quisque
366 784 398 804 se
418 786 433 804 a
455 773 563 815 legum
586 772 725 804 vindicta
748 771 833 802 facili
855 771 995 815 perjurio
1016 777 1182 811 tueretur,
1200 777 1231 802 et
1246 773 1379 814 pessima
1398 783 1535 815 quaeque

207 827 322 858 scelera
346 839 427 857 novo
452 826 569 857 scelere
596 827 724 868 penitus
754 825 885 857 deleret.
911 826 1024 864 Quum
1050 831 1157 856 autem
1184 831 1288 868 patres
1314 826 1412 856 nostri
1437 824 1535 868 hujus

209 880 445 911 consuetudinis
472 879 670 910 incommoda
699 878 897 921 experiundo
920 890 993 909 mox
1020 878 1219 918 didicissent,
1240 879 1294 909 sed
1316 874 1454 920 quanam
1482 890 1535 909 ra—

208 934 294 964 tione
309 934 373 963 istis
389 939 466 963 esset
484 932 678 963 medendum
695 933 869 971 nescirent,
890 931 972 961 nihil
988 933 1105 963 certius
1126 937 1158 962 et.
1174 931 1405 973 praeveniendae
1427 931 1534 962 fraudi

210 988 314 1029 aptius
336 987 575 1026 existimarunt,
598 998 693 1029 quam
714 987 820 1017 Deum
837 987 941 1028 ipsum
962 985 995 1015 in
1014 985 1231 1015 testimonium
1249 995 1361 1015 vocare
1378 990 1409 1015 et
1426 995 1535 1015 omnes

209 1051 257 1071 res
281 1040 391 1071 dubias
413 1052 537 1071 summo
562 1040 726 1082 sapientiae
758 1046 790 1070 et
814 1039 941 1083 justitiae
968 1039 1089 1069 auctori
1123 1037 1311 1068 decidendas
1339 1037 1532 1079 relinquere.

209 1094 315 1131 Quem
333 1095 366 1124 in
382 1094 477 1124 finem
493 1093 656 1124 celebratis
673 1093 833 1135 religionis
849 1091 1100 1122 solemnitatibus
1115 1097 1147 1121 et
1160 1092 1306 1121 invocato
1324 1091 1383 1121 Dei
1400 1090 1535 1128 auxilio,

210 1153 247 1178 ut
271 1147 372 1179 scelus
397 1147 615 1178 manifestaret
640 1153 672 1178 et
695 1147 911 1177 innocentiam
937 1149 1137 1187 protegeret,
1159 1154 1231 1174 reus
1257 1143 1424 1174 brachium
1453 1154 1534 1185 aqua

210 1201 348 1233 ferventi
372 1200 596 1243 immergebat,
619 1200 671 1232 vel
694 1200 818 1231 ferrum
840 1198 977 1229 candens
997 1197 1084 1229 nuda
1103 1209 1202 1228 manu
1217 1196 1410 1236 sustinebat,
1432 1202 1465 1227 et
1479 1197 1535 1239 qui

209 1255 267 1285 ista
293 1255 511 1296 experimenta
534 1255 659 1296 integer
681 1259 748 1283 erat
773 1263 960 1294 perpessus,
984 1251 1103 1295 judicio
1128 1251 1236 1283 divino
1261 1250 1421 1281 absolutus
1447 1250 1535 1281 dice-

209 1305 314 1337 batur.
339 1306 510 1338 Undenam
530 1312 638 1337 autem
661 1306 718 1336 ista
742 1305 955 1343 consuetudo,
978 1315 1040 1346 qua
1061 1306 1114 1336 vix
1139 1304 1237 1334 ullam
1261 1304 1477 1335 absurdiorem
1503 1309 1536 1334 et

209 1359 409 1390 insulsiorem
427 1358 568 1390 humana
584 1359 770 1390 imbecilitas
786 1358 992 1400 excogitavit,
1010 1363 1102 1388 enata
1119 1357 1178 1396 sit,
1199 1356 1261 1399 jam
1282 1362 1356 1386 ante
1374 1356 1535 1398 explicui,

210 1418 243 1444 et
256 1413 401 1456 exempla
417 1424 488 1456 quae
507 1413 626 1444 idcirco
644 1412 751 1451 attuli,
773 1417 888 1454 praeter
910 1421 1003 1441 omne
1023 1409 1164 1440 dubium
1178 1408 1313 1451 probant
1333 1419 1401 1438 eam
1419 1419 1483 1439 non
1496 1418 1537 1439 ex

209 1467 307 1497 nimia
331 1468 388 1498 ista
415 1466 587 1506 facilitate,
613 1472 650 1497 ut
674 1465 805 1508 quidem
830 1470 972 1496 auctores
998 1463 1169 1501 dixerunt,
1193 1473 1255 1504 qua
1276 1467 1457 1492 sanctorum
1473 1462 1536 1492 mi-

209 1520 325 1552 raculis
345 1521 421 1552 olim
442 1520 650 1559 credebatur,
673 1519 727 1551 sed
749 1531 789 1551 ex
811 1518 1033 1561 superstitione
1054 1515 1189 1559 quadam
1212 1514 1399 1557 generaliori
1421 1520 1452 1545 et
1476 1525 1535 1544 an-

210 1575 354 1617 tiquiori,
373 1586 438 1605 non
453 1586 492 1605 ex
507 1574 660 1616 religione
683 1573 868 1611 christiana,
884 1571 937 1602 sed
954 1582 992 1602 ex
1007 1570 1176 1601 hominum
1190 1575 1303 1599 natura
1320 1579 1391 1610 quae
1406 1567 1535 1610 religio-

209 1638 284 1658 nem
310 1628 512 1659 christianam
542 1627 729 1666 antecessit,
754 1637 819 1656 esse
847 1625 1048 1667 profectam3
1075 1622 1231 1665 siquidem
1255 1621 1329 1652 alias
1352 1620 1440 1652 nulla
1467 1620 1535 1664 ejus

211 1681 346 1712 instituti
370 1682 499 1724 vestigia
528 1680 613 1723 apud
642 1681 788 1719 Graecos,
817 1678 905 1710 nulla
937 1677 1022 1720 apud
1053 1676 1164 1707 Sardos
1188 1681 1220 1706 et
1247 1675 1419 1718 Bithynos,
1445 1673 1534 1705 nulla

213 1734 296 1776 apud
321 1735 400 1766 Asiae
425 1741 457 1766 et
481 1735 597 1766 Africae
627 1733 780 1777 populos,
806 1738 917 1775 utpote
948 1731 1090 1763 nondum
1119 1729 1306 1772 religionem
1332 1727 1534 1759 christianam

213 1785 337 1817 edoctos
353 1811 361 1825 ‚
386 1789 520 1819 fuissent
545 1793 680 1831 reperta.

255 1840 331 1870 Erat
351 1846 456 1871 tamen
480 1841 599 1884 aliquid
616 1841 702 1883 quod
722 1851 791 1871 eam
807 1840 1008 1882 iniquitatem
1025 1842 1227 1880 temperaret.
1242 1835 1323 1867 Nam
1341 1845 1441 1877 quum
1459 1843 1533 1874 per-

211 1891 339 1935 vulgata
371 1900 450 1924 esset
481 1895 566 1936 apud
594 1905 703 1925 omnes
733 1895 860 1936 opinio,
886 1893 970 1936 quod
999 1894 1056 1923 ista
1078 1891 1296 1934 experimenta
1321 1888 1441 1919 nullam
1468 1887 1533 1917 vim

210 1952 317 1978 contra
350 1947 548 1987 innocentes,
572 1948 625 1979 sed
654 1954 778 1979 tantum
801 1953 908 1978 contra
931 1946 1074 1978 scelestos
1097 1944 1272 1981 haberent,
1295 1939 1471 1978 accidebat,
1496 1944 1533 1969 ut
