1820 2568
800 214 816 256 (
841 224 877 255 Ι7
900 211 917 255 )

194 295 304 336 video,
331 294 454 337 inquit,
484 302 539 324 vos
563 290 627 322 duo
651 287 789 320 maxime
813 285 897 316 inter
923 293 956 314 se
982 282 1159 325 pugnantia
1187 282 1311 313 facere:
1345 280 1519 324 imperium

194 349 282 381 enim
306 345 494 379 constituitis
513 350 546 376 et
570 342 763 378 violentum,
792 344 825 369 et
845 336 966 369 viribus
986 346 1098 367 eorum
1110 359 1118 375 ‚
1156 335 1272 377 quibus
1292 333 1518 377 imperabitur,

196 403 353 434 infirmius
368 400 426 442 (1).
443 398 517 429 Haec
532 406 604 439 quae
622 394 746 425 dixerat
763 391 833 430 ille,
849 389 978 432 collegae
992 388 1061 432 ejus
1072 387 1198 428 eodem,
1211 399 1274 431 quo
1289 393 1396 426 antea,
1413 387 1519 418 animo

196 462 267 487 tum
292 453 505 490 audiverunt,
535 455 606 480 tum
635 445 777 478 exsecuti
807 449 892 475 sunt.
924 443 1038 474 Trium
1068 442 1208 473 millium
1234 442 1320 472 enim
1351 451 1519 472 recensum

196 508 302 539 fecere
324 507 359 536 in
378 504 463 543 foro,
488 511 664 544 eorumque
686 498 781 531 saluti
800 497 879 528 adeo
903 495 1153 535 consuluerunt,
1178 501 1216 526 ut
1240 499 1449 525 sacrosanctos
1468 503 1521 524 eos

197 566 229 592 et
249 556 444 592 inviolabiles
463 566 529 587 esse
552 558 734 592 censerent,
757 563 839 583 nova
861 551 932 593 lege
953 550 1032 589 lata,
1058 560 1121 592 qua
1147 554 1295 587 cautum,
1320 559 1361 578 ne
1387 547 1458 589 quis
1479 557 1520 578 ex

196 614 257 644 hoc
283 619 419 642 numero
445 609 512 640 sine
545 607 680 638 Senatus
710 605 838 636 decreto
866 604 1101 635 interficeretur
1120 601 1179 644 (2).
1218 601 1256 631 In
1282 600 1421 643 reliquos
1445 610 1521 632 vero

196 676 320 697 summa
336 664 385 695 usi
400 667 475 694 sunt
493 660 673 703 iniquitate.
698 658 759 689 Eos
779 657 866 688 enim
878 680 887 696 ‚
909 656 966 699 qui
981 661 1070 687 extra
1090 654 1179 686 hunc
1199 654 1296 685 trium
1311 652 1451 684 millium
1468 664 1523 683 ca-

196 718 338 759 talogum
367 720 476 754 erant,
506 717 702 744 censuerunt
725 722 790 741 non
817 721 884 741 uno
914 710 948 740 in
980 708 1067 747 loco,
1095 707 1150 738 sed
1172 707 1248 737 alios
1278 705 1374 746 alibi3
1406 710 1439 736 et
1467 706 1521 736 in-

196 776 299 808 terea,
323 779 425 811 quum
445 777 558 798 eorum
578 777 596 796 a
614 764 708 795 domo
727 764 863 807 quisque
879 774 935 794 sua
954 762 1095 801 abiisset,
1124 761 1281 792 miserunt
1298 759 1522 803 praesidiarios‚

198 834 273 854 cum
298 820 420 854 civibus
444 830 510 851 suae
537 817 700 856 factionis,
737 817 794 859 qui
817 827 903 846 arma
927 826 967 846 ex
994 815 1172 847 absentium
1199 812 1319 845 aedibus
1346 812 1522 844 auferrent.

198 876 245 907 Ita
268 885 355 906 arma
382 872 502 916 populo
527 871 653 903 ademta
679 875 775 912 atque
798 869 833 899 in
856 879 961 900 arcem
986 867 1166 910 deportata,
1199 866 1245 898 ibi
1268 867 1303 897 in
1324 866 1399 896 fano
1424 865 1526 908 depo-

199 933 335 960 suerunt
353 927 410 969 (3).
441 925 555 968 Neque
576 924 631 955 hic
654 922 794 955 substitit
813 932 888 964 erga
913 921 970 952 hos
993 920 1132 965 injuria,
1164 920 1220 951 sed
1240 919 1352 951 eadem
1373 919 1459 962 lege,
1485 917 1525 949 de

201 993 264 1024 qua
289 979 383 1012 modo
411 978 567 1018 diximus,
591 981 792 1015 statuerunt,
818 975 854 1006 in
882 986 938 1006 sua
963 980 1118 1016 potestate
1144 984 1211 1004 esse
1238 983 1348 1004 omnes
1370 983 1441 1010 eos,
1469 971 1527 1014 qui

200 1041 290 1067 extra
311 1034 410 1065 trium
430 1032 570 1063 millium
591 1030 770 1071 catalogum
792 1033 896 1059 essent
911 1027 1070 1069 (quorum
1087 1026 1249 1066 catalogus
1267 1037 1285 1055 a
1303 1024 1464 1067 Lysandro
1478 1023 1527 1066 (4)

200 1097 318 1119 nomen
342 1090 410 1116 erat
428 1083 600 1125 sortitus),
629 1086 732 1112 morte
752 1079 912 1112 multandi
934 1078 993 1122 (5).

260 1197 294 1227 (ι)
311 1195 422 1226 Xenoph.
443 1195 456 1225 §
478 1203 515 1226 ¹9·

260 1237 293 1267 (2)
311 1236 422 1266 Xenopk.
444 1235 508 1258 lbid.
523 1235 536 1265 §
551 1235 588 1258 51.

259 1276 292 1307 (5)
310 1275 421 1305 Xenoplz.
440 1275 503 1298 lbid.
527 1274 600 1304 §²o,
621 1281 669 1305 quo
685 1273 714 1297 in
732 1273 785 1297 loco
807 1270 982 1303 Wyttenbach.
1006 1271 1025 1294 1.
1044 1270 1062 1294 Ι.
1079 1277 1104 1301 p.
1130 1270 1187 1299 401,
1214 1269 1416 1300 interpretantem
1435 1271 1529 1292 secutus

200 1323 262 1339 sum.
278 1315 317 1338 Cf.
336 1314 483 1344 Xenophon,
501 1313 563 1337 ibid.
580 1313 593 1344 §
607 1313 645 1337 41.

260 1355 305 1385 (4)
320 1356 441 1378 Isocrates
462 1357 548 1377 contra
568 1351 761 1382 Callimachum,
779 1359 805 1383 p.
826 1351 882 1382 894,
908 1350 968 1374 edit.
987 1350 1070 1375 Wolf.
1096 1349 1172 1377 mim,
1195 1353 1280 1373 contra
1301 1348 1413 1379 Euthyn.
1434 1356 1459 1379 p.
1477 1347 1529 1379 956.

199 1394 246 1425 His
256 1401 312 1418 vero
332 1394 358 1417 in
367 1393 426 1417 locis
438 1400 489 1416 non
502 1390 661 1423 Πεισάνὲραυ,
675 1391 716 1415 sed
732 1389 882 1422 Λυσάνὲρου,
895 1391 1025 1422 legendum
1040 1398 1088 1414 esse
1101 1394 1184 1413 monet
1201 1390 1281 1420 Coray
1294 1389 1321 1412 iu
1333 1389 1403 1412 Bibl.
1417 1390 1528 1418 Graeca,

199 1442 226 1465 p.
242 1434 298 1464 269,
317 1441 366 1464 seq.
380 1437 403 1456 et
416 1441 441 1463 p.
457 1433 513 1461 543,
533 1440 588 1455 cum
607 1439 690 1455 omnes
709 1432 775 1455 MSS.
799 1436 871 1463 atque
889 1431 1007 1454 editiones
1023 1435 1115 1454 veteres
1133 1434 1188 1453 ante
1204 1429 1327 1454 Wolfium
1343 1429 1388 1452 hoc
1406 1429 1529 1456 habeant;

200 1481 228 1497 ac
241 1473 315 1496 simul
329 1472 417 1497 Wolfii
437 1474 600 1502 conjecturam
620 1472 728 1495 historiae
745 1471 868 1495 adversari
886 1475 948 1494 recte
968 1470 1075 1493 ostendit
1094 1469 1133 1494 vir
1148 1477 1268 1493 summus:
1292 1469 1384 1499 accepit
1401 1472 1482 1492 autem
1500 1469 1529 1491 de

185 1514 306 1544 *catalogo
322 1513 396 1536 trium
413 1513 536 1541 minium,
552 1513 618 1544 quod
635 1513 698 1536 mihi
717 1520 782 1536 secus
799 1511 910 1541 videtur,
934 1511 993 1534 duce
1003 1509 1150 1533 Schueidero
1166 1510 1193 1533 in
1212 1513 1271 1532 nota
1289 1509 1329 1533 vel
1345 1509 1358 1538 ᾗ
1376 1516 1418 1537 20,
1439 1508 1471 1531 1.:
1494 1508 1529 1531 ita

200 1552 266 1576 enim
284 1553 362 1576 omnis
380 1553 474 1576 tollitur
489 1552 632 1583 difficultas,
650 1560 697 1584 qua
712 1553 760 1576 duo
775 1552 833 1576 haec
848 1552 901 1576 loca
918 1551 965 1581 ipsi
982 1551 1077 1581 Corayo
1094 1550 1173 1574 adhuc
1187 1549 1297 1574 laborare
1311 1548 1467 1573 videbantur.

263 1592 296 1621 (5)
313 1592 423 1623 Xenoph.
441 1594 477 1623 11,
497 1593 523 1623 5,
545 1592 559 1624 ᾗ
577 1592 614 1616 51.
