1763 2511
869 164 884 206 (
909 164 949 206 78
973 164 989 206 )

270 241 422 273 eflicitur:
450 241 484 270 1ο
504 249 563 282 per
582 237 801 270 testimonium
823 237 893 282 ejus
909 237 1059 270 adversus
1080 248 1177 281 quem
1197 238 1448 271 instrumentum
1471 241 1523 273 vel
1540 242 1598 274 do-

270 297 459 325 cumentUm
480 292 686 336 producitur,
705 291 787 323 illud
802 303 819 322 a
840 302 873 322 se
893 291 1048 334 scriptum
1068 291 1273 332 declarantis3
1292 293 1328 323 2⁰
1347 304 1405 335 per
1421 293 1599 327 testimonia

268 347 397 378 illorum
418 358 555 390 quorum
574 345 858 388 subscriptionibus
878 345 1109 377 documentum
1132 347 1320 389 insignitum
1340 347 1527 388 exhibetur,
1549 349 1600 381 vel

267 401 377 432 saltem
396 412 507 432 eorum
523 399 639 442 quibus
655 399 863 442 praesentibus
878 400 943 430 fuit
959 400 1160 439 confectum,
1183 400 1217 431 3⁰
1235 411 1292 442 per
1306 400 1422 432 indicia
1442 413 1482 432 ex
1498 402 1601 444 scrip-

268 460 415 486 turarum
439 453 648 485 similitudine
675 452 858 495 desumpta,
890 453 955 485 sive
977 452 1030 484 illa
1051 452 1226 484 similitudo
1253 464 1292 484 ex
1315 455 1495 494 scriptione
1520 456 1600 486 olim

267 509 361 545 visa,
389 509 455 541 sive
478 519 518 539 ex
541 508 676 549 scriptis
699 507 778 537 olim
798 507 961 548 cognitis,
980 507 1044 537 sive
1060 517 1100 537 ex
1121 507 1244 546 scripto
1265 518 1352 537 nunc
1373 508 1444 538 viso
1464 514 1496 538 et
1511 520 1600 539 com—

264 567 402 603 parato,
428 561 461 592 id
481 567 543 601 est,
569 572 610 591 ex
636 561 823 590 litterarum
844 559 1023 589 collatione
1047 558 1201 597 ducatum
1229 569 1300 601 quae
1321 559 1452 601 quidem
1475 561 1600 592 collatio

267 615 341 645 artis
359 614 517 657 graphieae
538 604 663 656 peritis,
684 623 758 643 eum
776 612 809 642 in
826 612 922 642 finem
941 611 1001 643 sub
1019 611 1227 655 jurejurando
1242 612 1420 654 specialiter
1435 615 1600 657 appellatis

266 667 446 699 mandatur.
1376 661 1381 665 .

309 733 452 763 Testium
477 730 680 773 probatorum
719 728 965 767 declarationes,
1003 726 1120 770 quibus
1157 727 1337 759 videntibus
1370 728 1601 764 documentum

266 786 420 827 scriptum
442 790 505 822 est,
532 789 564 813 et
588 781 799 813 confessiones
821 792 932 812 eorum
960 782 1015 824 qui
1041 781 1271 813 documentum
1296 783 1356 824 ipsi
1385 785 1600 826 scripserunt,

265 839 304 869 ad
326 837 419 868 fidem
441 837 606 879 scripturae
626 834 836 878 praestandam
859 835 980 866 directe
999 835 1139 874 faciunt,
1155 834 1210 866 sed
1229 846 1294 866 non
1311 847 1402 878 aeque
1420 836 1601 881 litterarum

265 890 439 923 similitudo
466 896 522 921 aut
548 889 741 932 comparatio
768 900 841 932 quae
873 900 1001 932 prorsus
1028 887 1151 920 lubrica
1177 894 1209 918 et
1234 888 1411 931 periculosa
1438 896 1496 921 est.
1525 891 1601 922 Haec

265 946 351 977 e'nim
371 943 564 988 probationis
579 943 698 986 species
713 942 752 974 ab
767 952 804 974 ea
820 942 990 986 hypothesi
1011 942 1239 985 proficiscitur,
1262 942 1349 985 quod
1368 954 1465 974 suum
1481 945 1600 987 cuique

264 1001 304 1031 sit
324 998 482 1030 scribendi
499 1009 600 1041 genus
618 997 657 1028 ab
674 996 822 1028 omnibus
837 995 968 1040 reliquis
986 995 1190 1040 distinctum,
1212 1000 1245 1026 et
1260 995 1345 1038 quod
1364 1007 1402 1027 ex
1419 996 1601 1029 litterarum

264 1053 473 1085 similitudine
500 1058 556 1084 aut
591 1050 849 1083 dissimilitudine
877 1050 974 1093 possit
1005 1049 1153 1080 concludi
1188 1060 1239 1080 eas
1266 1049 1377 1081 eadem
1407 1061 1508 1082 manu
1534 1061 1600 1082 esse

263 1113 405 1139 exaratas
425 1106 477 1139 vel
495 1117 578 1137 non:
604 1116 677 1148 quae
702 1111 810 1135 tamen
838 1104 998 1135 conclusio
1019 1103 1191 1145 saepissime
1216 1102 1310 1134 fallit.
1351 1103 1489 1134 Possunt
1513 1105 1600 1135 enim

262 1161 413 1193 eumdem
442 1160 558 1192 diversi
582 1165 615 1190 et
641 1158 803 1191 diversum
831 1156 929 1188 iidem
955 1155 1113 1187 scribendi
1144 1155 1276 1187 modum
1311 1155 1474 1188 adhibere.
1518 1157 1599 1189 Nam

265 1214 448 1257 quotidiana
463 1224 519 1244 nos
535 1212 627 1243 docet
645 1211 858 1253 experientia,
883 1209 1086 1241 falsariorum
1106 1214 1207 1240 arteni
1227 1207 1292 1253 jam
1312 1209 1352 1240 ad
1374 1220 1449 1241 eum
1470 1210 1599 1252 perfec—

263 1268 356 1298 tionis
381 1265 516 1309 gradum
536 1275 602 1296 esse
622 1269 825 1307 provectam,
851 1268 889 1294 ut
909 1273 974 1293 non
999 1261 1103 1292 solum
1125 1272 1238 1293 eorum
1259 1262 1389 1294 fraudes
1417 1263 1600 1305 peritissimi

263 1320 420 1364 cujusque
442 1319 549 1350 oculos
568 1318 711 1359 fugiant,
732 1316 787 1349 sed
805 1327 845 1347 ne
867 1316 926 1358 ipsi
948 1315 1080 1358 quidem
1099 1326 1239 1358 quorum
1261 1326 1393 1347 manum
1413 1317 1598 1356 imitantur,

264 1373 385 1404 imitata
401 1372 484 1403 veris
502 1377 534 1402 et
554 1382 609 1402 sua
629 1370 741 1401 alienis
756 1369 876 1412 possint
890 1369 1120 1407 internoscere,
1144 1374 1240 1410 atque
1257 1367 1318 1399 alia
1337 1380 1377 1399 ex
1394 1376 1484 1410 parte
1501 1381 1598 1412 quam

262 1426 364 1458 multa
387 1431 462 1457 sunt
488 1424 606 1467 quibus
630 1423 774 1467 ejusdem
802 1423 941 1454 hominis
962 1423 1119 1464 scriptura
1144 1433 1161 1451 a
1190 1432 1222 1451 se
1245 1421 1312 1463 ipsa
1342 1420 1466 1452 differt!
1498 1422 1599 1454 Aliter

261 1480 428 1512 scribimus
447 1479 597 1524 juvenes,
623 1477 715 1509 aliter
737 1478 892 1516 seniores3
916 1475 1008 1506 aliter
1023 1480 1228 1517 aegrotantes,
1250 1474 1342 1506 aliter
1364 1474 1446 1506 bona
1471 1475 1600 1508 valetu-

263 1534 337 1565 dine
356 1533 517 1573 fruentes3
538 1532 631 1564 aliter
650 1531 729 1570 hoc,
754 1531 846 1562 aliter
868 1530 922 1561 illo
943 1529 1080 1569 calam03
1103 1528 1194 1560 aliter
1214 1529 1362 1560 festinata
1383 1535 1415 1560 et
1439 1531 1596 1570 currenti,

263 1588 353 1619 aliter
373 1587 530 1630 applicata
548 1592 581 1617 et
601 1586 773 1628 composita
796 1596 906 1616 manu.
930 1585 1124 1615 Litterarum
1141 1583 1249 1626 itaque
1265 1584 1389 1626 experti
1406 1585 1512 1616 testari
1533 1595 1598 1615 non

263 1640 544 1684 possunt,litteras
557 1639 668 1671 eadem
681 1650 780 1670 manu
795 1638 987 1680 conscriptas
1008 1649 1096 1677 esse,
1117 1636 1172 1668 sed
1189 1637 1313 1674 videri,
1339 1642 1371 1668 et
1387 1638 1511 1680 quoties
1527 1649 1598 1669 cer-

264 1694 410 1726 titudinis
430 1693 526 1725 fidem
546 1693 605 1724 sibi
624 1698 790 1736 arrogant,
825 1703 937 1724 eorum
958 1691 1146 1723 asseveratio
1167 1690 1206 1722 ad
1224 1689 1347 1735 justum
1369 1690 1596 1733 probabilitatis

265 1746 404 1778 valorem
422 1746 604 1778 reducenda
626 1752 682 1777 est.
709 1746 841 1778 Referre
857 1747 988 1789 possim,
1010 1745 1127 1788 quibus
1145 1746 1179 1775 in
1203 1744 1326 1776 casibus
1347 1745 1422 1776 artis
1438 1744 1595 1787 graphica:

263 1800 439 1842 peritorum
461 1799 579 1843 judicia
601 1799 794 1840 fefellerintg
817 1805 849 1830 et
867 1810 908 1830 ne
928 1799 968 1830 de
986 1798 1041 1830 illo
1062 1798 1209 1841 exemplo
1236 1797 1349 1841 loquar
1375 1797 1459 1841 quod
1478 1798 1511 1828 in
1535 1809 1595 1828 no-

263 1852 345 1885 vella
367 1853 407 1886 73
428 1853 494 1894 ipse
517 1853 690 1895 imperator
709 1853 910 1885 Justinianus
931 1864 971 1884 ex
991 1853 1142 1884 Armenia
1162 1852 1277 1892 refert,
1300 1862 1380 1883 meae
1400 1851 1498 1893 ipsius
1519 1862 1595 1893 cog-

263 1906 391 1937 nitionis
415 1911 462 1936 est
485 1906 518 1936 in
541 1918 633 1938 causa
664 1919 769 1939 coram
797 1908 886 1939 curia
915 1907 1119 1939 Gandavensi
1147 1905 1334 1948 nuperrime
1367 1903 1493 1943 habita,
1531 1909 1594 1935 tres

264 1959 422 2003 graphicae
442 1960 515 1991 artis
536 1960 653 2002 peritos
676 1960 833 1993 adhibitos
854 1962 973 2002 fuisse,
1001 1967 1033 1992 et
1056 1971 1159 2004 quum
1184 1970 1269 1991 unus
1289 1969 1401 1989 eorum
1424 1969 1441 1988 a
1470 1956 1594 1989 duobus
