1820 2568
987 162 1004 204 (
1026 163 1046 194 ὃ
1068 159 1083 203 l

425 242 459 272 C.
481 241 517 271 A.
543 251 603 271 van
627 238 769 269 Coetsem
783 261 792 277 ‚
813 236 986 269 Medecinae
1010 235 1191 267 theoreticae
1216 241 1440 279 conspectum,
1465 236 1532 267 sive
1553 235 1706 268 Patholo-

378 281 439 338 'give
470 292 624 336 generalis
651 290 897 334 compendium,
926 289 966 320 ad
995 289 1176 320 scholarum
1203 289 1456 320 academicarum
1491 288 1708 331 praelectiones

381 345 643 383 accommodavit,
665 350 697 375 et
717 344 873 374 infinitam
897 354 995 386 prope
1014 344 1178 374 materiam
1200 355 1264 374 uno
1287 343 1451 374 volumine
1472 343 1514 372 ita
1534 343 1705 382 contraxit,

382 406 436 438 ut,
461 398 633 441 repudiatis
656 396 899 439 hypothesibus,
919 396 1103 439 nulliusque
1125 396 1292 427 adstrictus
1314 397 1347 426 in
1369 395 1543 426 doctrinam
1567 395 1707 437 magistri

385 452 508 494 jurare,
528 450 608 481 nihil
629 451 686 480 nisi
710 449 796 492 quod
816 456 938 481 certum
961 448 1019 480 sibi
1039 455 1095 480 aut
1115 448 1194 480 utile
1219 449 1402 487 videretur,
1423 448 1574 478 emiserit.

430 505 460 535 J.
477 505 512 534 L.
528 503 705 542 Kesteloot,
722 503 889 534 deficiente
904 502 990 546 apud
1002 501 1187 544 bibliopolas
1202 501 1365 544 splendida
1383 501 1435 532 illa
1447 502 1604 541 oratione,
1619 501 1712 545 cujus

384 568 493 596 causa,
518 562 646 598 propter
672 556 867 586 ornatissime
887 561 919 586 et
941 555 1118 585 doctissime
1142 554 1307 585 laudatum
1329 554 1567 593 Boerhaxium,
1594 555 1710 597 insigni

386 610 513 652 praemio
538 609 671 640 donatus
689 614 754 648 est,
774 619 869 651 opus,
890 607 975 650 quod
995 606 1058 650 jam
1078 618 1096 637 a
1119 606 1214 649 longo
1236 613 1378 649 tempore
1399 617 1458 637 nec
1478 607 1638 638 immerito
1659 619 1712 639 re—

387 662 590 706 quirebatur,
614 661 820 692 emendatum
835 667 868 692 et
882 662 963 691 notis
975 659 1187 698 illustratum,
1207 660 1240 690 in
1265 660 1372 690 lucem
1393 660 1511 690 iterum
1531 660 1631 690 edidit
1653 660 1711 704 (1)

431 716 460 746 J.
482 716 521 745 G.
541 715 691 753 Garnier,
710 714 866 745 elementa
888 713 1121 751 Arithmeticae,
1140 712 1284 754 Algebrae
1298 719 1331 743 et
1349 713 1555 751 Geometriae,
1570 713 1602 743 in
1619 724 1714 744 usum

388 768 564 799 scholarum
584 779 731 806 suarum,
753 767 851 797 latine
874 765 1091 803 elucubravit,
1111 765 1409 806 doctrinarumque,
1427 775 1505 806 quas
1533 765 1642 805 tradit,
1659 776 1716 808 per

391 820 531 862 Belgicas
561 819 759 861 provincias,
791 819 890 860 magis
923 829 959 849 ac
989 818 1087 859 magis
1115 816 1321 848 serendarum
1357 816 1513 859 cupidus,
1552 828 1616 847 non
1649 818 1717 850 sine

389 875 528 905 virorum
545 873 717 903 illustrium
735 871 885 914 suffragio
901 877 934 903 et
950 870 1144 903 adminiculo
1156 894 1165 910 ,
1181 870 1422 901 commentarios
1442 869 1719 912 physico—mathe—

390 929 519 958 maticos
541 926 689 956 instituit.

434 980 464 1010 J.
491 980 530 1009 G.
552 979 583 1008 S.
607 989 668 1008 van
691 977 812 1016 Breda,
836 988 950 1008 novam
973 977 1095 1008 Linnaei
1119 976 1326 1018 philosophiae
1349 975 1502 1006 botanicze
1523 975 1716 1017 editionem,

391 1032 550 1075 ingeniosa
575 1031 809 1068 dissertatione,
829 1041 846 1061 e
867 1042 1011 1062 sermone
1031 1030 1143 1073 gallico
1160 1030 1194 1060 in
1215 1029 1353 1059 latinum
1373 1039 1477 1066 versa,
1499 1029 1720 1071 amplificavit,

393 1097 500 1116 rerum
516 1084 554 1114 ad
567 1090 664 1122 artes,
679 1084 904 1114 commercium
915 1107 922 1121 ,
938 1083 1040 1114 omnis
1060 1083 1184 1125 generis
1199 1081 1387 1112 industriam
1403 1082 1632 1123 spectantium,
1648 1093 1720 1124 quae

394 1138 538 1176 Parisiis,
560 1137 669 1179 paucis
689 1135 805 1167 abhinc
830 1137 941 1175 annis,
963 1136 1112 1177 expositae
1131 1139 1226 1172 sunt,
1252 1133 1451 1164 luculentam
1476 1134 1721 1176 descriptionem

394 1191 549 1228 confecit,
574 1195 608 1220 et
630 1190 668 1220 A.
691 1189 903 1231 Camperum,
926 1189 961 1219 P.
985 1188 1101 1219 summi
1123 1187 1182 1218 viri
1204 1186 1323 1226 filium,
1342 1187 1504 1229 sanguinis
1521 1186 1579 1217 sibi
1599 1192 1633 1218 et
1650 1193 1723 1218 stu—

396 1243 520 1274 diorum
541 1242 691 1273 affinitate
715 1242 895 1284 proximum
907 1264 915 1280 ,
939 1240 1119 1271 laudatione
1138 1250 1255 1281 niagno
1274 1245 1307 1270 et
1329 1240 1396 1282 ipso
1412 1240 1479 1272 viro
1495 1251 1560 1270 non
1575 1240 1724 1283 indigna,

398 1296 567 1327 decoravit.
1713 1321 1715 1324 .

396 1386 400 1388 ,
440 1350 470 1380 J.
491 1349 521 1379 J.
545 1348 650 1387 Hans,
674 1359 748 1379 cum
770 1347 888 1379 librum
910 1348 1064 1391 reperiret
1082 1346 1227 1386 nullum,
1251 1346 1349 1378 latine
1374 1346 1506 1389 quidem
1536 1352 1722 1385 exaratum,

399 1403 455 1445 qui
475 1401 553 1445 juris
568 1401 720 1432 naturalis
737 1407 894 1443 praecepta
915 1401 988 1432 satis
1002 1401 1170 1443 perspicue
1189 1405 1381 1442 exponeret,
1402 1410 1565 1441 quemque
1591 1398 1727 1441 publicis

398 1454 650 1497 praelectionibus
672 1454 898 1496 explicandum
919 1453 1115 1485 auditoribus
1134 1455 1198 1485 suis
1217 1454 1362 1491 offerret,
1385 1453 1452 1495 ipse
1472 1452 1631 1483 elementa
1650 1452 1728 1484 doc-

399 1508 489 1538 trinae
516 1506 594 1549 juris
619 1506 864 1548 philosophicae,
895 1507 933 1537 ad
967 1507 1154 1538 hodiernam
1184 1506 1281 1550 hujus
1312 1506 1485 1548 disciplinae
1514 1505 1730 1536 conditionem

400 1560 559 1601 adaptata,
580 1558 777 1589 conscribere
797 1559 922 1597 statuit,
944 1560 1177 1601 consiliumque
1190 1565 1320 1601 captum
1335 1570 1371 1589 eo
1389 1569 1537 1589 successu
1559 1563 1728 1589 exsecutus

402 1618 468 1650 est,
487 1622 584 1654 quem
604 1617 636 1641 et
657 1613 759 1642 autori
782 1618 814 1643 et
839 1613 1016 1644 Academiae
1039 1618 1153 1644 nostrae
1174 1622 1238 1643 non
1260 1622 1388 1653 possum
1411 1622 1475 1642 non
1498 1610 1662 1653 gratulari.

439 1721 482 1749 (1)
499 1720 601 1742 Losreile
621 1727 654 1750 op
675 1720 830 1742 Hei-mannus
844 1720 997 1749 ssoerliaave,
1017 1721 1076 1744 door
1091 1721 1111 1744 J.
1124 1721 1153 1743 L.
1168 1721 1305 1749 liminum,
1326 1728 1373 1743 ann
1386 1720 1450 1742 wien
1464 1720 1493 1742 de
1511 1719 1657 1750 nitgeloosde
1673 1726 1734 1750 gou-

406 1760 452 1782 den
470 1760 628 1790 eerepenning
647 1760 705 1782 door
725 1760 753 1782 de
772 1760 936 1783 Hollaudsche
957 1761 1131 1791 Maatschappij
1157 1768 1205 1784 vau
1227 1760 1313 1789 sraaije
1338 1760 1443 1782 kunsten
1463 1766 1493 1781 eu
1514 1759 1733 1789 wetenschappeu,

409 1805 429 1822 ie
451 1799 619 1827 Amsierdum,
640 1800 659 1821 is
686 1799 823 1829 toegekend.
848 1800 951 1823 Tweede
973 1808 1003 1824 en
1024 1801 1162 1824 verbeterde
1184 1800 1265 1827 druk;
1291 1803 1341 1822 met
1364 1803 1455 1828 portret
1474 1806 1504 1821 eu
1519 1799 1568 1827 fite
1592 1799 1681 1821 simite.
1701 1798 1735 1821 Te

410 1839 513 1867 Leiden,
535 1839 566 1868 bij
588 1839 618 1861 D.
638 1839 777 1862 Dumortier
794 1847 823 1862 en
839 1847 909 1862 zoon.
930 1841 995 1863 1825.
1014 1841 1078 1864 in-8.

436 1879 517 1908 Hujus
534 1878 650 1901 orationis
668 1879 792 1901 celebritas
809 1887 859 1902 non
877 1884 985 1903 nostram
1004 1885 1100 1904 tantum
1117 1881 1222 1911 patriam
1241 1879 1364 1910 pervasit,
1382 1878 1422 1901 aed
1442 1879 1469 1902 in
1487 1878 1619 1902 Germania
1640 1886 1735 1910 quoque

410 1918 550 1949 pervulgata
567 1922 618 1946 est,
634 1922 658 1940 et
676 1917 796 1947 Principis
813 1918 936 1947 Bavariae,
954 1919 996 1950 qui
1010 1927 1039 1943 ex
1054 1928 1082 1943 eo
1101 1924 1206 1950 tempore
1224 1919 1313 1943 sotium
1330 1918 1487 1947 conscendit,
1506 1920 1585 1948 jussu,
1606 1919 1632 1942 in
1647 1926 1738 1942 nermo-

412 1964 473 1981 nem*
487 1957 659 1980 Germanicum
680 1964 747 1981 versa
766 1961 808 1981 est.
1107 1967 1110 1969 ·
