1820 2568
810 213 905 254 (7)

199 301 299 332 exsul
317 304 509 334 revocatus,
529 297 664 339 duxque
686 295 792 325 classi
810 294 1032 331 constitutus,
1056 297 1375 340 quadringentorum
1396 299 1529 331 tandem

191 355 350 396 plerique
387 354 422 384 in
448 352 606 383 exsilium
626 347 771 391 profecti
797 353 885 378 sunt.
924 347 996 379 Per
1024 349 1171 391 reliquos
1202 358 1352 393 septem,
1384 360 1418 384 et
1441 354 1532 396 quod

199 408 367 444 excurrit,
396 416 520 441 annos,
549 404 673 434 bellum
699 403 733 433 in
758 402 1032 443 Peloponnesios«
1050 404 1147 434 varia
1166 403 1313 446 fortuna
1340 406 1384 437 ab
1410 408 1531 439 Athe—

198 461 370 493 niensibus
392 465 479 491 terra
500 459 651 500 marique
668 462 802 499 gestum
820 462 882 487 est.
905 456 1117 487 Alcibiades
1129 464 1313 500 postquam
1333 460 1531 492 Athenien-

198 517 287 547 sium
310 525 361 545 res
392 513 567 555 praeclare
592 512 816 547 restituisset,
847 510 953 541 nihilo
979 511 1089 541 minus
1115 517 1226 543 tamen
1255 524 1331 544 mox
1367 516 1530 556 expulsus

198 573 251 599 est
283 567 324 597 ob
357 565 531 597 Antiochi
567 564 850 606 imprudentiam,
882 565 961 606 qui,
993 564 1086 606 quod
1114 565 1203 595 dicto
1231 566 1438 598 Alcibiadis
1466 580 1532 599 non

197 626 287 651 esset
317 619 479 656 audiens,
522 631 544 650 a
574 618 751 660 Lysandro
785 618 968 661 (quocum,
1007 618 1146 649 absente
1178 619 1391 657 Alcibiade,
1430 632 1532 662 proe—

191 675 282 705 ‘lium
318 673 549 716 commiserat)
588 673 697 704 victus
723 677 784 703 est.
829 671 913 702 Tum
937 672 1015 703 novt
1039 671 1139 703 duces
1166 674 1288 710 creati,
1324 674 1385 715 qui
1415 674 1533 716 aliquo

197 734 340 769 tempore
365 733 468 769 post,
507 727 649 758 victoria
675 726 715 757 de
742 725 1019 756 Lacedaemoniis
1056 725 1151 767 apud
1183 726 1390 769 Arginusas
1421 738 1533 768 repor-

199 787 291 819 tata,
319 782 409 812 domi
434 787 563 817 tamen,
591 781 675 822 quia
699 790 872 810 caesorum
894 790 1033 820 corpora
1058 780 1212 821 conquiri
1238 791 1278 810 ac
1306 780 1443 821 sepeliri
1468 792 1534 811 non

199 841 420 871 curaverant,
454 834 554 865 undis
587 834 712 875 quippe
739 832 915 873 ventisque
938 832 1127 872 prohibiti,
1160 832 1390 874 injustissima
1419 832 1535 875 affecti

199 893 279 919 sunt
298 899 387 919 nece.
415 887 544 918 Postea
566 887 631 917 alii
654 896 771 916 rursus
795 885 974 915 mittuntur
992 884 1093 915 duces
1100 906 1112 921 ,
1141 885 1204 921 iis,
1232 885 1357 927 quibus
1376 874 1535 916 succede-

200 941 298 977 bant,
325 940 421 971 haud
442 940 583 970 similes.
624 938 725 978 Quod
749 938 839 968 brevi
864 937 999 979 quidem
1025 943 1168 978 tempore
1187 943 1271 978 post
1297 938 1468 979 apparuit.
1488 939 1533 968 A

192 994 377 1036 ¹lysandro
402 994 508 1030 enim,
536 993 597 1035 qui
617 993 723 1023 denuo
742 991 1065 1031 Peloponnesiorum
1086 990 1193 1020 classi
1209 997 1283 1028 erat
1292 992 1532 1032 praepositus,

200 1047 276 1078 dolo
307 1046 539 1077 circumveniri
563 1044 609 1074 se'
619 1043 724 1083 passi
746 1046 844 1076 sunt,
875 1040 1070 1071 Alcibiade
1089 1040 1227 1083 frustra
1254 1042 1333 1072 illos
1359 1050 1531 1080 monente,

198 1105 303 1141 atque
323 1099 373 1129 ita
396 1096 491 1138 apud
511 1096 637 1138 Aegos
654 1095 788 1138 flumen
811 1093 962 1124 maxima
981 1094 1253 1137 plenissimaque
1273 1096 1414 1127 victoria
1434 1108 1536 1139 supe-

199 1153 267 1183 rati
290 1157 379 1182 sunt.
412 1150 491 1190 Qua
512 1159 554 1180 ex
570 1158 695 1191 pugna
719 1152 791 1178 octo
814 1145 862 1189 (1)
891 1151 1024 1178 tantum
1046 1159 1175 1185 naves,
1199 1150 1339 1189 praeter
1355 1149 1534 1190 publicam

198 1205 367 1236 Paralum
388 1203 454 1246 (2),
478 1214 554 1234 cum
579 1202 710 1234 Conone
728 1206 924 1238 evaserunt,
947 1201 1106 1243 captique
1132 1206 1213 1231 sunt
1231 1212 1305 1232 cum
1331 1201 1473 1232 ducibus
1491 1202 1539 1233 acl

199 1255 266 1289 tria
291 1258 346 1289 vel
365 1263 512 1300 quatuor
534 1255 646 1287 millia
669 1256 819 1297 capitum
839 1253 898 1297 (3).
930 1271 974 1279 -—-
997 1254 1058 1285 Ita
1077 1253 1144 1285 un&
1167 1254 1250 1286 hora
1274 1254 1460 1297 confectum
1484 1261 1538 1286 est

201 1312 346 1347 bellum,
373 1322 448 1340 cum
472 1310 686 1345 diuturnum,
715 1314 785 1338 tum
808 1308 958 1344 varium,
991 1313 1026 1339 et
1045 1313 1115 1338 tam
1138 1318 1278 1338 casuum
1301 1314 1535 1345 eventuumve,

201 1375 305 1408 quam
333 1363 550 1395 victoriarum
578 1368 613 1394 et
636 1361 785 1393 cladium
809 1362 907 1403 copia
926 1372 1014 1403 prae
1044 1361 1142 1392 bellis
1171 1361 1401 1403 superioribus
1432 1372 1537 1403 supra

200 1428 327 1449 omnem
343 1416 453 1459 fidem
478 1416 621 1459 insigne.
658 1415 740 1446 Tum
760 1420 874 1446 autem
898 1414 1135 1446 Athenienses
1152 1416 1408 1457 principatum,
1437 1427 1536 1458 quem

194 1482 259 1512 per
282 1470 366 1501 duos
388 1475 421 1500 et
445 1469 666 1512 septuaginta
690 1479 796 1499 annos
819 1473 996 1499 tenuerant
1019 1468 1085 1512 (4),
1114 1470 1310 1500 amiserunt.

245 1523 357 1555 Navis
375 1523 526 1556 Paralus
533 1545 546 1560 ,
568 1522 786 1554 tristissimae
806 1522 916 1555 cladis
930 1524 1072 1561 nuncia,
1091 1529 1186 1554 nocte
1201 1524 1367 1555 Athenas
1384 1523 1534 1564 appulit,

263 1637 307 1666 (1)
325 1637 473 1667 Xenophon,
491 1638 561 1661 Hist.
584 1637 673 1659 Graec.
692 1635 735 1657 lib.
752 1637 800 1661 IL,
823 1642 843 1657 c.
861 1642 886 1663 ι,
905 1634 927 1664 §.
947 1642 976 1661 2,
998 1634 1037 1657 ed.
1055 1634 1182 1658 Schneid.:
1201 1635 1291 1662 Fiat-1
1307 1635 1332 1658 in
1346 1636 1408 1665 Lys.
1428 1643 1454 1665 p.
1474 1635 1536 1666 439,

203 1676 242 1700 ed.
262 1676 375 1700 Fraucof.
394 1677 454 1699 anui
472 1677 537 1706 1599.
560 1676 649 1699 Decem
667 1675 768 1698 evasisse
784 1674 860 1698 tradit
876 1674 955 1697 Diod.
976 1674 1094 1698 Biblioth.
1117 1675 1187 1698 Hist.
1207 1675 1284 1703 XIII,
1306 1674 1361 1702 106,
1387 1682 1492 1705 quocum
1506 1675 1536 1698 de

201 1723 304 1740 numero
323 1716 350 1739 in
370 1716 477 1739 diversas
502 1716 592 1738 abeunt
609 1719 690 1745 partes
711 1715 821 1745 Lysias,
843 1715 975 1737 Mulierum
989 1719 1081 1745 accept.
1102 1715 1196 1744 defens.
1217 1722 1242 1745 P·
1261 1715 1318 1744 577,
1342 1714 1380 1737 ed.
1400 1714 1489 1745 Tayl.‚
1512 1719 1536 1738 et

202 1755 359 1783 Pausanias,
381 1756 432 1783 111,
452 1763 474 1777 2.

264 1795 308 1823 (2)
325 1794 361 1817 De
377 1794 437 1817 navi
453 1793 541 1817 Paralo
556 1793 627 1817 vidd.
642 1793 766 1823 Hmpocr.
782 1796 807 1815 et
825 1792 916 1816 Suidas
932 1792 960 1816 in
977 1800 1046 1817 voce:
1061 1793 1094 1816 cf.
1108 1793 1247 1822 Meursz'us,
1265 1793 1344 1817 Attio.
1359 1793 1436 1817 Lecti
1452 1801 1493 1821 ιι,
1513 1802 1534 1824 7.

263 1834 307 1862 (ὃ)
323 1833 448 1856 Dissident
464 1833 530 1856 euim
549 1833 576 1856 in
591 1840 692 1856 numero
717 1833 789 1855 Plut.
806 1832 824 1855 1.
840 1833 860 1855 Ι.
877 1837 901 1855 et
919 1833 1075 1862 Pausanias,
1092 1834 1141 1861 IX,
1162 1834 1200 1855 32.

264 1873 309 1903 (4)
325 1873 403 1897 Verus
418 1873 458 1895 hic
474 1880 595 1895 annorum
614 1879 730 1895 numerus
747 1871 813 1902 apud
830 1872 953 1895 nemiuem
972 1873 1077 1896 occurrit
1097 1876 1207 1896 veterum
1227 1872 1386 1903 scriptorum5
1408 1873 1448 1896 hic
1466 1873 1533 1897 enim

204 1917 255 1936 tam
267 1917 384 1941 oratores,
404 1913 443 1936 uti
459 1913 565 1942 Lysias,
586 1912 740 1939 AndocideS,
760 1913 895 1940 IsocrateS‚
914 1913 1046 1943 Lycurgus
1061 1916 1086 1935 et
1100 1913 1293 1942 Demosthenes,
1314 1921 1387 1944 quam
1407 1913 1528 1942 historici,

203 1953 283 1976 veluti
302 1953 431 1976 Diodorus
444 1960 471 1975 ac
486 1953 639 1984 Dionysius,
657 1951 684 1975 iu
700 1959 801 1975 numero
817 1951 908 1975 mitum
924 1952 951 1975 in
967 1953 1068 1975 modum
1089 1952 1236 1983 discrepant.
1258 1953 1296 1976 Cf.
1320 1954 1464 1983 Gllliesius,
1481 1953 1500 1976 1.
1513 1953 1531 1976 1.

204 1999 229 2022 p.
244 1992 272 2015 86
289 1992 315 2015 iu
328 1997 399 2020 uota,
417 1997 442 2015 et
455 1993 614 2019 Memmius,
635 1991 781 2015 Gesclzichte
789 1992 831 2015 des
846 1992 930 2021 Urspr.
939 1992 1092 2024 Fortgangs,
1108 1994 1159 2017 und
1172 1994 1286 2023 Verfizlls
1297 1994 1342 2017 der
1353 1995 1392 2018 W
1390 1993 1535 2023 issenschafi

205 2036 245 2055 ten
261 2033 288 2056 in
307 2033 448 2056 Griechenl.
465 2033 517 2057 und
529 2034 618 2060 Rom„
638 2037 656 2055 t.
673 2034 722 2063 11.‚
742 2041 767 2064 p.
783 2033 828 2056 308
840 2033 866 2056 in
885 2036 952 2056 nota.
