1820 2568
971 177 985 218 (
1011 189 1027 208 2
1051 179 1065 218 )

357 261 397 286 se
423 258 558 286 mutuo
585 249 850 286 adducuntur?
887 250 1078 286 Indicetur
1107 262 1246 296 porro:
1291 260 1323 287 1⁰
1353 252 1389 288 in
1417 253 1554 297 quibus
1583 255 1672 290 casi-

355 311 423 344 bus
451 309 684 344 immediatus
715 310 851 345 horum
878 310 1062 345 labiorum
1091 319 1287 347 contactus
1315 319 1370 346 est
1398 311 1671 355 instituendus;

356 378 391 402 20
421 367 458 402 in
489 368 625 411 quibus
662 378 753 403 vero
786 368 948 403 vulneris
979 368 1071 404 labia
1117 369 1161 404 ad
1196 381 1235 405 se
1270 378 1405 405 mutuo
1445 371 1670 414 plus-minus

354 426 542 461 dumtaxat
570 434 656 461 sunt
682 426 910 462 adducenda.

353 551 446 606 Ab
489 550 698 607 Ordine
741 553 1192 628 Disciplinarum
1235 554 1672 610 Matlzematc'ca—

690 674 813 705 ram
855 666 904 706 et
942 653 1336 727 Physiccwum.

1000 768 1027 801 1.

401 861 533 896 Exstat
555 861 744 905 quoddam
772 861 810 896 in
833 861 1059 897 Mechanica
1078 864 1246 908 generale
1273 864 1500 908 principium
1524 875 1569 900 ex
1591 875 1669 910 quo

351 920 492 965 petitur
511 920 651 955 solutio
672 921 947 964 problematum
979 921 1076 957 circa
1098 931 1245 958 motum
1276 921 1443 966 cujusvis
1465 933 1674 968 corporum

353 978 579 1022 systematis:
607 979 719 1023 hujus
743 979 918 1023 principii
949 980 1177 1023 enuntiatio,
1209 981 1478 1017 demonstratio
1510 990 1547 1017 et
1580 992 1672 1017 non-

353 1037 464 1072 nullae
493 1036 759 1081 applicationes
791 1037 1043 1080 requiruntur.

984 1157 1030 1191 II.

403 1244 524 1280 Novo
556 1253 592 1280 et
617 1247 843 1290 scrupuloso
875 1247 1031 1282 examini
1061 1246 1246 1291 subjicere
1276 1247 1394 1292 legem
1428 1247 1670 1283 Coulombia-

355 1313 460 1345 nam,
492 1313 565 1346 qua
594 1304 787 1347 asseritur,
824 1305 1078 1349 repulsionem
1106 1306 1315 1341 electricam
1347 1314 1384 1340 et
1412 1307 1670 1342 attractionem

355 1361 595 1407 magneticam
623 1373 769 1407 semper
789 1374 870 1399 esse
896 1365 932 1400 in
952 1365 1094 1400 ratione
1120 1365 1264 1400 inversa
1287 1365 1453 1408 quadrati
1477 1365 1670 1401 distantiae.

973 1471 1007 1507 II
1010 1471 1037 1508 Ι.

408 1558 600 1604 Quaeritur
634 1559 840 1604 descriptio
874 1566 1082 1597 'structurae
1129 1563 1365 1598 Anatomicae
1408 1571 1444 1598 et
1482 1562 1670 1607 expositio

355 1615 533 1652 Historiae
560 1617 747 1654 Naturalis
778 1619 970 1655 Lumbrici
996 1620 1178 1665 vulgaris,
1207 1621 1286 1656 sive
1313 1621 1506 1657 terrestris.

549 1755 642 1809 Ab
691 1755 899 1811 Ordine
940 1756 1477 1812 Ju1·z'sconsaltorum.

405 1878 626 1924 Exponatur
646 1880 746 1928 Juris
776 1882 938 1919 Roma-ni
965 1883 1134 1920 doctrina
1163 1884 1208 1919 de
1235 1884 1453 1929 pignoribus
1483 1893 1519 1920 et
1549 1885 1667 1929 hypo-

355 1936 484 1973 thecis.
