1763 2511
863 167 980 208 (63)

852 280 875 323 g
910 280 962 312 35.

244 372 299 401 De
325 370 466 401 diversis
490 367 735 411 confessionum
755 367 952 408 speciebus:
978 372 1011 397 et
1034 368 1067 397 1⁰
1089 367 1128 397 cle
1150 366 1416 410 confessionibus
1439 368 1575 400 directis

750 435 853 472 atque
884 429 1066 460 indirectis.

289 536 476 568 Constitutis
497 534 688 578 generaliter
705 533 923 565 fundamentis
942 531 1059 576 quibus
1076 531 1280 563 confessionis
1300 534 1469 564 auctoritas
1488 534 1576 564 inni-

242 592 341 630 titur,
369 589 459 633 juvat
481 588 619 620 diversas
646 586 882 618 confessionum
902 586 1022 628 species
1045 585 1257 628 distinguere,
1284 586 1318 616 in
1345 592 1503 629 quantum
1524 586 1575 617 di—

242 655 330 676 versa
351 642 551 685 singularum
578 646 691 672 natura
715 640 785 684 ejus
808 639 989 671 auctoritati
1015 639 1137 681 aliquid
1162 638 1250 670 addit
1272 639 1324 670 vel
1350 639 1499 671 detrahit.
1532 641 1574 671 Et

240 698 344 740 primo
371 695 440 726 loco
468 695 557 726 venit
585 693 744 724 distinctio
771 693 974 723 consessionis
1000 693 1033 722 in
1059 692 1219 722 directam
1243 697 1340 734 atque
1365 693 1573 724 indirectam.

240 749 402 779 Confessio
423 747 542 777 directa
563 745 680 776 dicitur
696 756 750 783 ea,
770 756 842 787 quae
862 745 1017 787 expressis
1036 743 1139 776 verbis
1156 750 1189 776 et
1208 744 1339 788 quidem
1355 745 1438 776 circa
1451 746 1573 778 factum

239 803 345 845 ipsum
366 800 453 843 quod
471 799 625 831 delictum
646 799 826 838 constituit,
849 798 972 838 edum-5
994 797 1169 838 indirecta,
1190 809 1263 841 quae
1287 798 1440 830 alterutro
1463 799 1575 842 requi-

238 856 297 886 sito
318 854 468 885 destituta
488 859 545 884 est.

283 907 446 939 Confessio
472 917 544 949 quae
571 904 676 938 verbis
701 904 827 944 editur,
862 904 916 935 sed
945 915 1010 934 non
1037 904 1119 935 circa
1145 905 1250 947 ipsum
1274 905 1398 936 factum
1422 905 1509 948 quod
1539 906 1573 937 in

240 962 416 1005 quaestione
432 966 495 1000 est,
513 959 620 991 adesse
637 959 844 1001 intelligitur,
862 959 887 989 si
907 959 979 1001 quis
995 969 1050 989 sua
1066 965 1214 1002 agnoscat
1231 971 1332 999 arma,
1350 971 1421 991 suas
1437 960 1571 1000 litteras,

238 1016 264 1047 si
281 1027 313 1047 se
333 1016 367 1046 in
388 1015 457 1046 loco
479 1014 586 1045 delicti
607 1013 779 1053 commissi,
801 1013 878 1044 dum
895 1012 1165 1051 committeretur,
1187 1011 1326 1043 adfuisse
1348 1012 1503 1053 fateatur,
1521 1013 1573 1046 vel

239 1070 283 1100 sic
314 1080 425 1111 porro:
456 1078 528 1110 quac
554 1066 686 1109 quidem
717 1066 920 1097 confessionis
945 1065 1109 1096 indirectae
1135 1066 1274 1108 species,
1299 1067 1333 1097 iu
1356 1077 1388 1097 se
1414 1072 1572 1109 spectata,

238 1122 383 1153 eamdem
409 1120 506 1152 fidem
533 1126 696 1159 meretur,
723 1126 819 1163 atque
842 1119 953 1149 iisdem
979 1119 1144 1161 principiis
1169 1119 1352 1151 aestimanda
1382 1125 1429 1150 est
1454 1119 1573 1163 quibus

239 1175 393 1206 confessio
414 1174 555 1214 directa3
582 1173 637 1204 sed
665 1173 770 1216 quoad
794 1173 1029 1204 conclusionem
1055 1184 1127 1215 quae
1148 1184 1188 1204 ex
1208 1183 1243 1204 re
1270 1172 1410 1204 consessa
1432 1173 1472 1205 ad
1493 1173 1571 1205 facti

237 1228 422 1272 principalis
443 1228 645 1258 existentiam
667 1227 812 1265 ducitur,
838 1226 892 1256 illa
911 1237 951 1257 ex
970 1226 1136 1268 principiis
1158 1227 1241 1257 circa
1262 1225 1463 1269 probationes
1483 1226 1571 1258 indi-

236 1288 338 1313 rectas
358 1282 392 1311 in
413 1291 530 1323 genere
555 1279 751 1322 exponendis
772 1278 942 1323 judicanda
964 1285 1021 1310 est.

281 1334 389 1364 Altera
413 1339 521 1364 autem
543 1328 698 1363 confessio
718 1332 872 1364 indirecta
896 1344 968 1375 quae
992 1343 1058 1363 non
1079 1331 1198 1371 verbis,
1224 1331 1279 1363 sed
1299 1331 1384 1362 facto
1407 1331 1459 1364 vel
1479 1333 1571 1375 signo

237 1387 342 1430 aliquo
363 1392 495 1417 externo
519 1386 727 1428 exprimitur,
749 1398 765 1417 a
787 1387 885 1429 priori
901 1387 936 1417 in
954 1397 992 1417 eo
1012 1385 1120 1417 differt
1138 1385 1225 1428 quod
1241 1396 1315 1418 vera
1336 1386 1489 1417 confessio
1503 1397 1569 1417 uon

235 1447 298 1480 est,
317 1440 372 1471 sed
391 1440 496 1482 potius
518 1439 678 1482 quoddam
697 1440 902 1471 confessionis
919 1439 1092 1479 indicfflm,
1115 1439 1168 1470 cui
1188 1444 1277 1470 tanto
1293 1437 1394 1482 major
1410 1438 1568 1470 certitudo

235 1494 332 1533 inest,
363 1499 483 1536 quanto
508 1493 606 1535 magis
631 1492 700 1537 ejus
725 1494 891 1536 proprium
917 1504 984 1524 esse
1014 1493 1158 1532 videtur,
1195 1503 1292 1535 quem
1327 1492 1469 1523 criminis
1489 1504 1568 1524 con-

233 1548 362 1578 scientia
378 1547 531 1590 exagitat,
543 1547 649 1590 qualia
665 1547 782 1579 indicia
794 1554 870 1580 sunt
884 1548 1048 1580 silentium
1059 1546 1208 1590 pervicax
1216 1545 1281 1589 (1),
1292 1546 1491 1577 contumacia
1502 1545 1565 1589 (2),

290 1661 329 1690 (ι)
347 1660 435 1683 Matth.
459 1661 497 1683 tit.
523 1661 564 1689 16,
582 1669 602 1683 c.
622 1668 631 1683 1
644 1679 649 1689 ,
669 1661 718 1692 §9.

291 1701 330 1729 (2)
348 1701 384 1723 Id.
405 1700 464 1723 ibid.
486 1700 499 1730 §
518 1700 544 1722 18
563 1705 585 1723 et
605 1701 718 1724 Cremani
733 1710 753 1725 c.
775 1711 818 1731 27,
838 1703 850 1732 ς
869 1703 893 1725 4.

290 1739 326 1761 Ex
345 1740 423 1762 verbis
438 1741 488 1763 Icti
505 1740 575 1763 Pauli
591 1740 616 1763 in
631 1741 648 1763 1.
662 1742 684 1764 5.
704 1743 745 1765 De
763 1742 801 1765 Itis
816 1743 859 1772 qui
875 1742 985 1772 iufizmia'
997 1746 1125 1770 notantur,
1148 1741 1222 1773 vulgo
1239 1741 1376 1770 deducunt,
1391 1749 1446 1764 eum
1463 1741 1505 1772 qui
1521 1749 1563 1771 pa-

230 1778 328 1801 ciscitur
345 1787 409 1808 :eque
430 1787 456 1802 ac
474 1780 546 1803 illum
563 1781 606 1812 qui
626 1781 755 1805 confitetur
776 1791 819 1813 pro
835 1783 947 1806 convicto
964 1790 1012 1806 esse
1030 1782 1186 1805 habendum:
1208 1782 1274 1813 quod
1295 1786 1375 1805 tamen
1393 1781 1456 1804 mihi
1473 1781 1562 1804 falsum

228 1817 334 1840 videtur.
351 1818 534 1842 Observandum
552 1820 617 1843 euim
636 1826 683 1850 est,
701 1829 754 1844 eam
770 1822 845 1853 legem
857 1822 957 1853 reperiri
975 1823 1020 1846 sub
1033 1823 1105 1845 titulo
1121 1823 1151 1845 de
1164 1822 1203 1845 lais
1218 1823 1261 1852 qui
1276 1822 1386 1852 ilzfizmia‘
1400 1825 1526 1849 notantur,
1538 1825 1563 1843 et

229 1857 365 1887 pactionem
383 1861 498 1887 tanquam
516 1868 613 1882 causam
630 1860 753 1889 iufamiae,
779 1869 828 1885 nou
847 1867 962 1893 tanquam
980 1863 1149 1892 probationem
1168 1862 1199 1885 ad
1214 1862 1426 1885 condemnandum
1447 1860 1560 1884 idoneam

229 1897 322 1919 referri.
341 1896 385 1919 Ait
399 1897 464 1919 enim
481 1898 603 1928 Ulpianus
616 1900 641 1923 in
657 1901 674 1923 l.
689 1902 716 1930 4,
733 1902 745 1931 §
762 1902 777 1925 5
792 1902 845 1925 eod.
862 1903 901 1926 tit.
920 1905 1004 1926 »Item
1019 1902 1038 1925 si
1054 1902 1107 1933 quis
1122 1902 1183 1925 furii
1190 1918 1270 1924 ......
1288 1901 1430 1928 damnatus,
1444 1904 1560 1930 pactusue

228 1936 286 1965 erit,
305 1936 381 1959 simili
396 1937 469 1960 modo
484 1936 584 1960 infamis
599 1941 658 1962 est.''
676 1941 706 1963 Et
723 1941 813 1964 Paulus
831 1942 857 1966 iu
869 1942 887 1965 l.
901 1942 928 1971 5,
946 1950 999 1973 quae
1016 1942 1155 1965 immediate
1172 1941 1325 1971 subsequitur
1340 1939 1458 1962 rationem
1473 1938 1558 1962 addit:

228 1985 240 1998 n
254 1976 377 2007 Quoniam
396 1976 448 2000 scil.
466 1977 613 2008 intelligitur
629 1980 738 2004 confiteri
752 1981 844 2005 crimen
857 1982 900 2012 qui
916 1982 1069 2012 paciscitur.'’
1084 1981 1141 2004 Nou
1158 1985 1238 2003 tamen
1252 1979 1312 2003 dicit
1325 1987 1380 2002 eum
1395 1979 1438 2010 qui
1455 1979 1490 2002 ita
1502 1986 1559 2002 con<
