1820 2568
907 200 922 240 <
950 212 985 232 12
1010 200 1025 243 >

305 275 367 305 lain
391 275 474 316 pacis
496 274 646 313 recitans,
677 279 709 305 et
729 273 950 316 gravissimum
975 274 1043 305 sore
1066 273 1188 312 dicens,
1218 274 1242 304 si
1268 280 1383 316 praeter
1408 273 1512 305 datam
1537 275 1631 306 fidem

305 328 448 359 libertate
477 329 700 370 privarentur,
736 326 897 370 Lysander
928 326 1034 357 soedus
1068 326 1107 357 ab
1134 326 1381 357 Atheniensibus
1412 326 1475 369 jam
1500 333 1633 369 ruptum

305 392 371 411 esse
393 381 488 419 dixit,
516 381 572 423 qui
602 392 707 411 muros
731 386 800 422 post
824 380 968 410 delinitos
989 379 1118 411 deinum
1145 379 1211 410 dies
1232 380 1477 418 desti-misseut,
1505 381 1635 423 jamque

306 446 369 464 nou
393 434 431 464 de
453 432 637 475 reipublicae
660 433 779 472 forma,
807 432 861 463 sed
886 431 925 462 de
947 443 1058 463 eorum
1084 433 1186 464 salute
1208 438 1314 464 actum
1339 433 1428 471 fore,
1459 433 1492 463 ni
1513 439 1636 464 statue-

305 495 392 526 rent,
416 500 488 530 quae
507 488 662 518 suasisset.
685 487 836 518 Maximus
857 492 1010 528 praeterea
1027 485 1166 516 intendit
1186 486 1379 517 Therameni
1401 486 1516 525 minas,
1539 491 1637 528 atque

306 541 553 572 interfecturum
577 552 610 572 se
642 540 734 571 illuni
759 540 945 579 assirinaiit,
979 540 1012 569 ni
1043 539 1205 570 desisteret
1237 538 1484 570 Lacedaemoniis
1520 539 1635 570 adver-

305 595 381 633 sari,
408 594 631 637 populumque
656 594 761 625 facere
789 595 926 631 sineret,
954 592 1039 635 quod
1066 594 1132 635 ipse
1158 591 1305 635 jussisset.
1343 592 1388 622 Ita
1419 591 1635 622 Theramenes

305 648 507 691 populusque
526 648 764 690 perterrefacti,
787 646 973 689 popularem
994 652 1110 677 statum
1129 645 1281 687 abrogare
1297 645 1397 676 coacti
1417 650 1504 675 sunt.
1528 645 1634 683 Quam

303 701 343 731 ob
369 712 435 731 rem
465 701 538 732 lecti
563 707 637 732 sunt
667 701 767 731 XXX
795 701 874 738 tiri,
906 701 996 730 initio
1022 699 1098 729 anni
1128 699 1222 741 primi
1249 699 1378 741 Olymp.
1410 697 1536 737 XCIV,
1579 698 1636 740 qui

304 765 407 784 annus
432 766 496 785 non
520 754 559 785 ab
584 754 735 785 archonte
760 753 941 795 Pythodoro
965 763 1084 782 nomen
1108 753 1236 782 sortitus
1258 758 1318 790 est,
1348 752 1423 793 quia
1444 751 1496 782 hic
1520 752 1553 782 in
1576 751 1636 781 oli—

306 806 432 848 garchia
464 807 566 837 lectus
596 813 683 844 erat,
717 806 771 836 sed
810 804 848 835 ab
882 803 1132 834 Atheniensibus
1165 810 1294 835 vocatus
1322 810 1369 834 est
1403 803 1547 846 ἀνκρχία
1577 804 1634 845 (1).

306 859 448 900 Populus
469 865 575 889 autem
598 858 791 900 perspiciens
810 856 1019 887 Theramenis
1034 857 1250 898 integritatem
1262 880 1270 895 ‚
1292 858 1324 886 in
1345 862 1554 898 tyrannorum
1571 867 1636 886 nu·-

306 923 431 942 merum
454 912 542 942 hunc
565 911 696 949 retulit,
719 916 755 940 ut
780 910 969 940 auctoritate
987 915 1083 951 atque
1099 911 1248 951 aequitate
1267 921 1323 940 sua
1342 908 1540 951 reliquorum
1561 920 1638 940 cru—

307 964 469 996 delitatem
481 970 512 995 et
523 964 687 996 avaritiam
700 963 900 1005 aliquantum
914 962 1025 993 saltem
1037 962 1200 993 cohiberet
1212 962 1270 1004 (2).
1285 962 1436 993 Ceterum
1449 962 1517 992 fere
1529 973 1638 993 omnes

308 1030 324 1050 e
345 1018 449 1048 CCCC
465 1019 538 1048 viris
563 1017 659 1047 fuisse
683 1016 834 1047 videntur
849 1016 907 1056 (3).
930 1016 1049 1045 Eorum
1075 1026 1150 1047 vero
1168 1016 1297 1046 nomina
1315 1028 1331 1045 a
1352 1015 1569 1057 Xenophonte
1592 1015 1639 1056 (4)

306 1071 395 1102 nobis
414 1076 534 1101 servata
559 1075 648 1107 sunt,
672 1079 802 1110 nempe:
827 1067 1039 1110 PolyarChuS,
1066 1067 1179 1098 Critias
1196 1068 1259 1109 (5),
1287 1067 1442 1099 Melohius
1462 1068 1529 1109 (6),
1555 1068 1639 1110 Hip—

307 1124 474 1166 polochus,
501 1122 665 1161 Euclides,
693 1121 806 1160 Hiero,
831 1121 1062 1160 Mnesilochus,
1089 1121 1226 1152 Chremo
1245 1121 1308 1162 (7),
1331 1121 1473 1159 Aresias,
1496 1120 1636 1159 Diocles,

305 1177 464 1208 Phaedrias
481 1176 542 1218 (8),
568 1174 763 1213 Chaerelaus,
790 1174 948 1213 Anaetius,
971 1174 1043 1204 Piso
1063 1173 1127 1216 (9),
1149 1173 1319 1216 Sophocles
1338 1173 1423 1215 (10),
1452 1173 1639 1204 Eratosthe-

305 1241 360 1261 nes
375 1230 460 1271 (11),
474 1229 632 1260 Charicles
645 1228 728 1269 (12),
745 1227 948 1266 Onomacles,
964 1226 1125 1269 Theognis
1136 1226 1219 1267 (13),
1238 1226 1416 1265 AEschines,
1432 1226 1636 1268 Theogenes,

308 1282 506 1321 cleomedes,
534 1282 738 1313 Erasistra—tus
757 1280 843 1322 (14),
872 1280 973 1310 Phido
992 1279 1077 1322 (15),
1102 1279 1309 1310 Dracontides
1324 1278 1414 1321 (16),
1443 1279 1635 1318 Eumathes,

367 1398 399 1426 (1)
418 1396 560 1425 Xenophon.
578 1397 614 1424 11,
630 1403 650 1417 c.
667 1396 694 1422 5,
711 1395 723 1424 §
740 1402 765 1421 1,
781 1394 810 1417 ab
824 1393 932 1424 antiquis
949 1391 1106 1422 sciiptoribus
1119 1391 1191 1414 etiam
1207 1389 1313 1420 oe'vapxi'ae
1327 1390 1369 1419 πρὲ
1383 1388 1515 1414 Εᾰκλείδω
1529 1394 1638 1412 vocatus.

366 1438 398 1466 (2)
416 1437 493 1460 Diod.
510 1436 580 1464 XIV,
598 1444 618 1458 c.
635 1436 658 1458 4.
999 1432 1031 1462 (5)
1047 1431 1155 1461 Lysias,
1174 1438 1199 1460 p.
1218 1430 1270 1452 260.

367 1477 399 1505 (4)
417 1475 527 1505 Xenoph.
545 1476 561 1497 1.
581 1476 598 1497 1.
620 1475 632 1504 ς
647 1483 668 1497 2.

368 1516 400 1544 (5)
422 1516 514 1545 Taylor
528 1515 554 1537 iu
574 1516 636 1537 Vita
652 1515 759 1544 Lysiae,
781 1521 805 1543 p.
820 1513 861 1542 45,
879 1512 959 1543 ibique
973 1512 1068 1534 laudati
1083 1519 1095 1534 e
1112 1510 1246 1538 veteribus,
1265 1509 1290 1532 iu
1305 1513 1363 1531 nota
1379 1509 1396 1531 l.
1411 1521 1435 1526 —
1451 1508 1489 1531 Cf.
1508 1510 1539 1531 G.
1558 1509 1640 1530 Groeu

306 1556 459 1583 Prinsterer,
476 1562 501 1578 v.
518 1554 542 1576 dv.
560 1553 585 1576 in
603 1555 738 1576 Platonica
754 1551 982 1582 Pmsopogmplzia.
1001 1551 1158 1581 (Lugd.-Bat.
1177 1550 1263 1579 1823),
1283 1557 1307 1579 p.
1324 1549 1364 1577 137
1381 1556 1446 1578 seqq.

368 1595 399 1624 (6)
418 1596 509 1624 Lysias
525 1598 609 1616 contra
626 1594 712 1620 Erat.¹
730 1600 754 1622 p.
773 1593 813 1622 195
828 1596 851 1614 ει
866 1600 915 1621 ¹97·
936 1592 1059 1620 Harpocr.
1076 1591 1102 1613 in
1121 1598 1185 1614 voce.

369 1636 400 1663 (7)
419 1635 508 1663 Lysias
526 1638 610 1656 contra
628 1634 738 1660 Ninum,
760 1640 784 1662 p.
800 1632 852 1661 470.

370 1674 403 1702 (8)
420 1674 562 1696 palmerius
578 1673 604 1695 iu
626 1672 737 1695 Exercit.
758 1671 793 1695 ad
805 1675 870 1694 auct.
893 1671 936 1694 Gr.
952 1678 976 1701 p.
994 1670 1035 1699 64,
1057 1669 1154 1693 monuit.
1169 1676 1212 1699 pro
1231 1666 1364 1698 Φαιδρίας,
1382 1668 1409 1691 111
1426 1667 1556 1690 Demosm.
1577 1672 1637 1690 orat.

310 1716 338 1737 de
351 1715 436 1744 falsa,
457 1715 504 1744 leg.
522 1721 569 1736 esse
590 1711 720 1743 Φαίδιμος.

370 1755 401 1783 (9)
418 1755 508 1784 Lysias
526 1758 610 1776 contra
627 1754 700 1775 Erat.
721 1752 810 1782 passim
821 1769 826 1779 ,
847 1752 969 1780 IImpocr.
985 1750 1011 1772 iu
1030 1758 1094 1773 voce.

370 1795 416 1823 (1ο)
434 1794 610 1820 Rulmkenius,
629 1794 698 1816 Hist.
719 1793 777 1819 012,
794 1800 818 1822 p.
837 1792 891 1820 228,
912 1791 949 1814 ed.
961 1791 1066 1813 Reiskii.

370 1835 417 1864 (11)
434 1835 540 1864 Lysias,
564 1833 623 1855 ibid,

370 1875 417 1903 (12)
435 1874 514 1901 Idem,
537 1881 560 1903 p.
579 1881 621 1902 207
639 1880 704 1902 seqq.
723 1880 765 1902 2¹7
785 1880 849 1903 seqq.
877 1871 988 1901 Xenoph.
1007 1872 1083 1893 Mem.
1106 1870 1172 1892 Socr.
1191 1869 1219 1897 1,
1244 1875 1263 1890 c.
1285 1875 1307 1890 2-
1332 1868 1427 1890 Andoc.
1448 1868 1477 1890 de
1499 1868 1622 1897 Mysteriis
1636 1885 1642 1895 ,

308 1922 332 1944 p.
351 1914 378 1936 18
393 1918 416 1936 et
432 1914 469 1936 50.
490 1915 566 1935 Isocr.
584 1913 613 1934 de
629 1912 704 1942 bIgiS,
725 1919 749 1941 p.
768 1913 820 1934 846.
839 1912 962 1941 Harpocr.
976 1911 1002 1933 iu
1019 1918 1042 1934 v.

367 1954 420 1983 (13)
438 1953 541 1983 Lysias,
563 1951 620 1974 ibid.
639 1959 664 1981 p.
687 1951 736 1981 196.
756 1952 877 1980 Hatpocr.
896 1951 922 1973 iu
941 1959 964 1974 v.

364 1994 423 2023 (14)
440 1993 530 2019 Piala,
549 1993 642 2022 Ezyx„
664 1991 740 2021 partis
757 1992 807 2019 111,
828 1990 877 2015 vol.
896 1991 947 2019 111,
969 1998 992 2020 p.
1013 1990 1078 2018 545„
1101 1989 1140 2012 ed.
1156 1988 1275 2012 Bekheri.

361 2033 420 2063 (15)
435 2033 540 2063 Lysias,
562 2031 621 2054 ibid.
638 2039 662 2061 p.
680 2039 721 2054 211
739 2038 804 2062 seqq.
1076 2029 1135 2059 (ιθ)
1151 2028 1232 2057 Idem,
1255 2026 1317 2051 ibid.
1336 2027 1459 2057 Harpocr.
1480 2025 1506 2050 in
1524 2033 1549 2049 v.
