1763 2511
789 165 794 167 -
832 153 847 193 r
875 163 910 183 η
934 152 956 193 )=

810 247 882 279 οη.
914 248 967 288 44.

304 327 309 331 *
335 335 496 366 Fremant
520 343 630 363 omnes
660 333 739 363 licet
765 350 808 357 --
836 337 870 362 et
900 331 1046 362 maxime
1079 331 1236 369 Graecis,
1272 338 1446 374 antepono.

272 425 400 456 Confer.
417 425 563 467 inprimis
578 423 616 455 ad
633 424 722 455 hunc
737 423 844 454 locum
859 422 1005 465 Lyndeui
1023 424 1112 466 Disp.
1126 423 1166 455 de
1181 424 1322 456 Panaetio
1334 424 1436 455 Rhod.
1453 436 1486 468 p.
1502 426 1559 457 28.

226 480 326 510 Nimis
347 479 379 509 h.
402 479 423 509 l.
441 479 576 521 patriam
598 477 881 521 jurisprudentiam
900 476 1032 508 summis
1052 476 1201 509 laudibus
1222 477 1315 508 effert
1332 477 1452 509 Cicero.
1473 477 1560 509 Con-

226 538 287 563 stat
301 532 432 575 quidem
447 532 531 562 inter
546 542 672 570 omnes,
695 530 781 572 leges
796 530 968 568 Romanas,
985 541 1063 572 quas
1078 542 1166 562 nunc
1180 531 1365 573 superstites
1386 531 1559 572 habemus,

227 597 293 617 sese
318 586 510 628 plerumque
539 584 761 615 commendare
788 583 991 626 simplicitate
1015 589 1047 614 et
1072 584 1320 626 perspicuitate,
1356 583 1410 615 sed
1438 595 1480 615 ne
1507 596 1560 616 eas

228 639 364 670 aliorum
384 645 530 670 veterum
547 638 757 680 populorum,
779 637 964 668 Graecorum
986 637 1019 668 in
1035 637 1161 679 primiS,
1183 636 1306 680 legibus
1327 637 1558 677 anteferamus,

226 692 376 735 prohibet
399 703 516 735 parvus
537 691 652 723 harum
673 702 844 730 numerus,
867 701 939 733 quae
959 690 999 722 ad
1017 696 1122 721 nostra
1147 701 1251 732 usque
1275 695 1418 732 tempora
1438 696 1561 724 servata

227 752 313 776 sunt.

271 809 372 850 Leges
398 812 550 849 praeterea
579 806 642 836 XII
666 805 865 846 tabularum⁷
897 817 975 848 quas
1003 805 1081 837 adeo
1106 806 1216 837 laudat
1238 806 1365 846 Cicero,
1393 817 1411 837 e
1437 806 1562 838 Graecia

227 860 359 891 testibus
379 860 534 890 historicis
555 859 663 901 (Livio
684 858 738 889 lib.
761 859 816 890 ΙΙΙ.
839 870 909 902 cap.
931 859 991 902 33)
1015 865 1047 890 et
1065 861 1240 902 praesertim
1260 860 1393 890 Athenis
1411 866 1487 891 sunt
1502 871 1562 903 pe-

226 914 310 951 titae,
336 923 374 943 ex
401 913 475 955 ipsis
498 912 560 943 illis
583 912 704 943 Solonis
727 911 868 953 legibuS,
892 922 970 953 quas
990 911 1100 943 Cicero
1124 911 1202 942 adeo
1223 911 1372 943 Romanis
1394 913 1562 945 inferiores

227 967 332 1004 ducit,
367 972 399 996 et
425 977 563 1008 quarum
588 971 696 996 tamen
722 965 954 994 nonnullarum
978 965 1011 994 in
1035 965 1123 996 libris
1151 964 1191 996 de
1211 964 1349 1008 Legibus
1374 966 1562 1008 sapientiam

226 1020 346 1051 laudat.
372 1020 579 1062 Quantopere
597 1025 706 1050 autem
726 1018 848 1049 Solonis
870 1017 956 1060 leges
971 1017 1062 1060 (nam
1073 1018 1252 1049 Draconem
1265 1019 1397 1050 missum
1409 1019 1564 1062 facimus)

227 1072 389 1106 valuerint
410 1071 450 1103 ad
471 1071 717 1102 Atheniensium
735 1071 923 1102 felicitatem
936 1095 944 1110 ‚
967 1081 1007 1102 ex
1027 1071 1156 1102 historia
1177 1077 1309 1102 constat.

273 1134 370 1173 Quod
398 1140 507 1165 autem
538 1133 578 1164 ad
609 1133 750 1176 Lycurgi
779 1133 865 1176 leges
896 1133 1028 1172 attinet,
1059 1144 1150 1176 aeque
1177 1146 1213 1165 ac
1238 1146 1295 1165 nos
1321 1134 1420 1177 probe
1446 1135 1565 1168 sciebat

230 1187 360 1227 Cicero,
387 1187 441 1218 sed
468 1197 562 1217 coeco
588 1187 698 1228 patriae
725 1197 833 1217 amore
857 1185 1027 1229 abreptuS‚
1060 1185 1176 1218 oblitus
1203 1187 1347 1227 videtur,
1381 1199 1439 1230 per
1462 1189 1566 1221 multa

228 1241 335 1272 secula
368 1239 624 1271 Lacedaemonios
655 1240 796 1282 Lycurgi
828 1239 954 1282 legibus
990 1245 1117 1270 utentes
1153 1240 1251 1271 fuisse
1288 1246 1434 1283 potentes
1469 1247 1566 1285 atque

228 1304 380 1336 magnos3
413 1292 452 1323 ab
478 1294 515 1323 iis
540 1298 648 1323 autem
675 1292 860 1324 recedentes
890 1292 930 1323 ad
956 1293 1125 1324 interitum
1151 1294 1263 1324 ruisse.
1290 1312 1334 1319 —-
1359 1294 1565 1336 Experientia

228 1347 328 1389 igitur
350 1345 480 1386 docuit,
511 1356 562 1376 eas
584 1346 670 1388 leges
691 1346 939 1376 Lacedaemoniis
963 1346 1062 1377 fuisse
1086 1351 1186 1388 aptos.
1219 1345 1325 1377 Nullae
1349 1352 1458 1377 autem
1481 1347 1567 1390 leges

228 1399 376 1430 meliores
394 1410 459 1430 esse
478 1405 626 1441 possunt,
648 1410 744 1441 quam
766 1398 883 1441 quibus
897 1398 1051 1441 populus,
1072 1399 1128 1441 qui
1148 1399 1185 1429 iis
1204 1399 1324 1438 utitur,
1346 1398 1424 1430 felix
1447 1399 1565 1432 evadit.

231 1452 360 1483 Constat
377 1453 477 1494 igitur
502 1452 688 1483 Ciceronem
709 1452 742 1483 h.
768 1452 790 1483 l.
815 1452 926 1494 saltem
952 1464 1017 1483 non
1040 1451 1080 1482 ad
1103 1451 1226 1483 diversa
1250 1452 1381 1494 ingenia>
1405 1453 1567 1484 variorum

230 1505 424 1548 populorum
447 1505 634 1546 attendisse3
660 1505 802 1547 alioquin
826 1516 892 1535 non
916 1516 1010 1536 omne
1030 1504 1081 1547 jus
1100 1504 1209 1545 civile,
1231 1511 1347 1547 praeter
1366 1505 1567 1545 Romanum,

231 1558 432 1590 inconditum
456 1570 492 1589 ac
516 1569 607 1601 paene
631 1557 807 1589 ridiculum
830 1563 980 1589 vocasset.

274 1621 310 1650 In
334 1621 570 1663 comparatione
594 1620 674 1664 juris
698 1620 832 1652 Romani
855 1626 888 1651 et
908 1620 1012 1651 Graeci
1033 1620 1052 1652 3
1080 1620 1140 1653 viri
1162 1620 1246 1651 docti
1266 1619 1408 1651 studium
1432 1632 1568 1663 posuere

231 1673 351 1705 laudati
367 1686 382 1704 a
399 1674 541 1705 Fabricio
555 1674 708 1716 Bibiiogr.
731 1674 838 1716 Antiq.
860 1685 929 1716 cap.
954 1673 1012 1713 15,
1031 1684 1149 1716 nempe
1160 1672 1387 1714 Pandalplms
1403 1672 1566 1714 Pratejus

233 1727 267 1756 in
293 1727 483 1767 Jarz'spracl.
511 1728 614 1758 veteri
639 1727 808 1757 Draconis
833 1732 867 1757 et
893 1727 1025 1757 Solonis
1052 1738 1127 1757 cam
1155 1727 1306 1758 Romano
1329 1725 1412 1768 jure
1437 1726 1568 1769 Legum

230 1780 415 1822 Regiaram
442 1791 482 1809 ac
511 1780 797 1811 Decemviralium
824 1780 1004 1822 diligenter
1022 1781 1160 1810 collata.
1185 1779 1288 1822 Lugd.
1320 1778 1424 1818 1559,
1454 1780 1501 1810 8⁰.
1525 1797 1568 1804 --

230 1832 325 1863 Phil.
348 1833 567 1863 Melanclzton
584 1834 618 1862 in
638 1834 816 1864 collatione
835 1834 1004 1864 actionum
1014 1833 1207 1876 forensium
1225 1833 1429 1863 Atticarum
1449 1838 1483 1863 et
1496 1832 1568 1863 Ro-

230 1897 403 1916 manarum
412 1886 682 1927 praecipuarum.
706 1886 830 1918 Witeb.
853 1887 949 1927 1546.
974 1888 1020 1918 8⁰.
1039 1904 1083 1911 -—
1107 1887 1201 1917 Ant.
1226 1885 1370 1927 mysius
1388 1886 1423 1916 in
1443 1885 1568 1917 collat.

229 1939 359 1981 Legum
373 1939 489 1971 Attio.
516 1944 548 1970 et
567 1939 707 1970 Roman.
736 1940 771 1970 in
795 1940 935 1972 Gronov.
966 1941 1062 1973 ΊῚιεε.
1089 1941 1181 1971 Ant.
1189 1961 1202 1976 ,
1233 1944 1309 1970 tom.
1334 1938 1388 1970 V.
