1820 2568
789 218 804 259 (
831 217 869 248 ¹5
892 217 908 259 )

183 295 442 339 prehenderunt,
465 293 519 324 sed
535 303 614 334 quos
630 290 772 322 sciebant
787 289 921 333 injustas
937 290 1079 331 ipsorum
1097 297 1205 321 contra
1221 301 1253 321 se
1269 291 1407 322 actiones
1426 301 1517 333 aequo

183 349 288 379 animo
305 347 439 379 minime
459 345 594 383 laturos,
617 355 653 375 ac
671 343 887 385 plurimorum
909 353 985 385 ope,
1008 343 1032 373 si
1054 343 1132 385 quid
1149 351 1257 375 contra
1277 344 1382 375 facere
1403 355 1518 387 aggre—

183 403 353 440 derentur,
379 410 492 431 usuros
515 409 598 436 esse,
629 396 853 428 existimabant
870 396 938 438 (1);
971 406 1031 426 nec
1057 407 1122 427 non
1149 407 1188 427 ex
1217 396 1354 429 divitum
1382 408 1517 428 numero

181 456 321 487 maxime
342 453 470 484 idoneos
486 451 545 482 sibi
560 451 641 483 visos
659 450 814 493 selegere,
835 449 1159 492 comprehensosque,
1177 456 1214 481 ut
1231 462 1340 482 rerum
1360 462 1516 483 novarum

182 508 351 546 studiosos,
376 505 479 548 capite
499 503 716 542 mulctarunt,
742 503 889 545 bonaque
912 503 1054 545 ipsorum
1079 503 1287 546 publicarunt
1305 504 1362 546 (2).
1411 505 1447 535 In
1468 505 1517 535 his

183 567 251 594 erat
264 562 351 591 Leon
366 558 572 597 Salaminius,
590 558 639 589 vir
650 557 769 596 bonus,
785 556 908 587 nemini
925 556 1042 598 gravis,
1059 562 1154 598 atque
1166 558 1445 588 innocentissimus
1454 557 1516 599 (3),

183 615 275 659 cujus
292 614 421 645 nullum
443 618 511 644 erat
532 613 670 651 crimen,
692 611 753 641 nisi
768 610 854 653 quod
876 610 1001 642 divitias
1020 609 1154 640 haberet
1170 609 1228 652 (4).
1260 610 1367 648 Quem
1390 622 1464 642 vero
1481 616 1519 641 ut

182 667 380 706 occiderent,
406 672 507 709 utque
527 677 625 709 quam
645 664 801 707 plurimos
822 662 1019 694 facinoribus
1033 664 1097 694 suis
1114 662 1333 705 implicarent,
1356 663 1516 694 Socratem

182 733 256 753 cum
277 721 346 752 aliis
361 726 499 763 quatuor
520 721 554 750 in
577 720 717 758 curiam,
747 730 818 761 quae
838 718 871 748 in
896 716 998 748 Tholo
1022 723 1108 756 erat,
1136 717 1388 756 arcessiverunt,
1416 716 1518 760 jusse—

180 781 338 817 runtque,
363 774 452 805 hunc
477 784 516 804 ex
542 773 700 803 Salamine
726 771 885 802 adducere
910 770 1104 802 necandum.
1140 771 1181 801 At
1205 770 1363 809 Socrates,
1389 770 1518 813 justitiae

182 829 433 866 amantissimus,
451 833 660 869 tyrannorum
674 836 737 855 non
755 824 819 855 fuit
833 824 917 854 dicto
933 823 1082 863 audiens,
1101 823 1203 865 eaque
1223 825 1402 862 occasione,
1429 835 1516 854 mor—

181 888 247 913 tem
267 892 333 911 non
354 887 418 911 tam
442 879 500 910 sibi
522 890 588 910 esse
611 889 714 917 curae,
738 889 835 920 quam
858 888 899 908 ne
924 876 1002 919 quid
1021 876 1139 920 injuste
1161 882 1217 907 aut
1238 877 1360 907 nefarie
1380 877 1516 916 faceret,

182 933 287 966 verbis
307 939 340 964 et
364 933 448 963 facto
472 931 619 963 ostendit.
653 930 719 961 Ubi
745 931 831 961 enim
857 930 958 960 Tholo
984 930 1100 973 egressi
1127 936 1234 969 erant,
1264 930 1395 961 domum
1422 930 1516 969 abiit,

182 987 299 1029 reliqui
323 992 431 1017 autem
457 992 609 1028 quatuor,
633 985 668 1015 in
688 984 738 1014 his
756 983 885 1014 Melitus
901 982 964 1024 (5),
990 984 1149 1014 Salamina
1172 984 1308 1025 profecti
1331 990 1420 1023 sunt,
1441 996 1518 1026 cap—

182 1046 320 1083 tumque
344 1041 464 1071 Leonta
497 1039 536 1069 ad
561 1039 609 1069 XI
634 1039 717 1070 viros
742 1037 925 1074 duxerunt,
959 1036 1015 1077 qui
1042 1036 1131 1066 hunc
1163 1035 1282 1077 absque
1307 1037 1374 1067 ullo
1400 1036 1518 1079 judicio

182 1094 285 1135 capite
309 1092 439 1134 plexere
458 1092 515 1133 (6).
553 1090 714 1132 Imprimis
734 1100 811 1121 vero
835 1089 874 1120 ad
900 1088 1020 1120 caedem
1046 1088 1284 1120 destinaverant
1308 1089 1516 1129 Niceratum,

181 1146 280 1177 Niciae
301 1145 403 1184 illius,
429 1145 486 1187 qui
506 1145 540 1175 in
564 1143 669 1176 Sicilia
695 1143 770 1174 olim
786 1143 909 1174 bellum
933 1148 1086 1186 gesserat,
1110 1142 1223 1173 filium.
1251 1143 1317 1181 Qui
1341 1155 1417 1174 cum
1439 1150 1519 1175 esset

181 1199 319 1230 liberalis
343 1198 465 1240 ingenii
491 1197 604 1236 homo,
632 1197 837 1239 optimusque
860 1197 953 1236 civis,
978 1196 1091 1239 opibus
1114 1202 1211 1239 atque
1234 1198 1423 1228 auctoritate
1447 1209 1518 1229 om-

181 1254 273 1284 nium
306 1252 374 1283 fere
403 1251 650 1283 Atheniensium
675 1256 744 1281 erat
776 1250 910 1292 primus.
955 1249 1052 1280 Hunc
1086 1250 1205 1292 igitur,
1236 1251 1325 1292 quasi
1354 1250 1517 1293 popularis

184 1306 314 1348 imperii
342 1310 422 1336 esset
455 1303 633 1341 studiosus,
671 1303 938 1346 comprehensum
975 1303 1221 1334 interfecerunt.
1254 1303 1355 1347 Cujus
1386 1303 1516 1346 quidem

181 1359 243 1392 viri
265 1359 377 1390 misera
400 1369 464 1389 sors
485 1357 564 1388 adeo
588 1357 733 1388 omnium
752 1357 925 1389 commovit
949 1358 1086 1396 animos,
1119 1363 1157 1388 ut
1177 1357 1267 1388 nulla
1289 1363 1369 1388 esset
1388 1357 1516 1396 domus,

182 1412 261 1455 quin
289 1411 387 1455 hujus
412 1411 506 1442 morti
528 1411 773 1454 ingemisceret,
807 1417 903 1442 tantae
927 1412 1084 1454 aequitatis
1110 1411 1263 1443 memoria
1292 1411 1331 1443 ad
1361 1411 1517 1455 lacrymas

181 1465 319 1509 impulsa
336 1465 396 1508 (7)
420 1465 541 1497 Eadem
555 1470 708 1508 praeterea
729 1476 809 1497 nece
828 1465 924 1508 periit
940 1464 1105 1507 Antiphon
1120 1465 1181 1507 (8),
1205 1466 1254 1497 vir
1267 1465 1378 1508 patriae
1393 1476 1516 1503 amans,

243 1568 275 1597 (ι)
294 1568 404 1597 Xenoph.
425 1568 437 1597 §
456 1568 491 1590 14.
855 1567 887 1596 (2)
905 1567 983 1589 Diod,
1001 1568 1018 1590 1.
1035 1567 1053 1589 l.

244 1607 277 1636 (3)
296 1608 406 1637 szoplz.
426 1609 465 1636 11,
484 1609 512 1634 5,
532 1608 544 1637 §
561 1610 599 1638 39.

243 1647 276 1675 (4)
293 1648 389 1669 Auctor
403 1647 485 1676 Epist.
503 1647 571 1670 Socr.
592 1652 609 1670 t.
628 1649 652 1676 I,
671 1655 695 1678 p.
716 1648 754 1675 15,
775 1646 813 1669 ed.
837 1647 939 1673 Orellii,
957 1654 994 1676 ep.
1014 1646 1079 1675 VII,
1098 1648 1176 1678 Dtbg.
1194 1648 1284 1670 Laen-
1301 1649 1339 1676 11,
1359 1647 1372 1677 §
1389 1648 1426 1669 24.

245 1686 278 1715 (5)
294 1687 389 1709 Andoc.
408 1687 438 1709 de
455 1690 525 1717 myst.
543 1694 567 1716 p.
585 1686 623 1708 46.

244 1725 277 1754 (6)
293 1726 371 1748 Plato
393 1726 416 1748 iu
436 1726 560 1756 Apologia
579 1726 660 1753 Socra,
684 1733 708 1755 p.
728 1733 784 1754 ιιι,
803 1730 870 1755 parte
885 1727 908 1752 1,
929 1726 980 1748 vol.
997 1728 1030 1749 11.
1051 1727 1088 1749 ed.
1105 1727 1215 1750 Bekkeri.
1235 1727 1302 1750 Idem
1321 1727 1346 1750 iu
1361 1727 1429 1757 epist.
1449 1727 1497 1749 VII
1509 1745 1514 1754 ,

182 1772 207 1795 p.
223 1764 278 1796 429,
301 1773 325 1795 p.
342 1767 393 1794 111,
418 1773 442 1788 v.
462 1767 513 1794 111,
535 1765 574 1788 Cf.
592 1766 694 1792 Luzac,
713 1774 736 1788 v.
754 1766 784 1788 cl.
805 1766 830 1788 iu
848 1766 917 1789 Orat.
936 1768 965 1789 de
985 1767 1085 1790 Socrate
1104 1768 1169 1793 cive,
1190 1775 1215 1797 p.
1237 1768 1278 1796 40,
1298 1775 1323 1798 p.
1345 1767 1398 1796 130,
1422 1775 1470 1798 seq.
1490 1767 1515 1789 in

181 1807 253 1832 nota,
274 1803 355 1834 ibique
371 1804 478 1833 laudati,
498 1813 555 1827 cum
571 1812 583 1827 e
596 1804 730 1834 veteribus,
750 1810 800 1828 tum
817 1813 829 1828 e
846 1806 1026 1829 recentioribus.

242 1843 287 1874 (7)
303 1844 416 1874 Xenoph.
433 1844 492 1867 ibid.
511 1845 590 1867 Diod.
606 1845 624 1867 1.
643 1845 660 1867 1.
680 1846 771 1876 Lysias
789 1846 846 1869 adv.
864 1847 1028 1875 Potiucham,
1045 1855 1068 1877 p.
1083 1847 1135 1869 521.

242 1884 287 1914 (8)
303 1884 463 1915 Lysidouidae
472 1884 537 1908 fitius
546 1885 618 1908 fuisse
629 1886 740 1915 videtur,
757 1894 784 1909 ac
795 1886 904 1909 diversus
917 1888 947 1909 ab
962 1887 1116 1918 Antiphonte
1129 1887 1291 1910 Rhamnusio.
1306 1887 1369 1911 Vide
1381 1889 1513 1912 Ruhnken.

182 1923 208 1946 iu
225 1923 282 1947 diss.
301 1925 331 1947 de
346 1925 449 1954 Antlph.
469 1925 577 1955 (Opusc.
593 1934 618 1956 p.
635 1926 678 1948 242
694 1927 780 1957 seqq.)
799 1926 838 1949 Cf.
862 1927 1038 1957 lVyttenbaclz.
1058 1927 1084 1950 in
1099 1929 1192 1950 Amzot.
1206 1928 1241 1950 ad
1259 1928 1362 1958 Xenoplt
1385 1928 1410 1951 iu
1425 1930 1512 1952 Selecl.

182 1963 296 1994 Princip.
318 1965 403 1993 Hist.‚
424 1973 448 1995 p.
467 1965 520 1987 404.
543 1977 571 1982 —
590 1965 709 1988 Dissentit
730 1966 861 1988 Gilliesius
880 1967 958 1996 Opere
980 1967 1062 1996 laud„
1080 1975 1105 1997 p.
1123 1974 1165 1989 100
1183 1975 1249 1997 seq„
1268 1967 1310 1998 qui
1326 1968 1410 1990 multis
1424 1968 1453 1991 de
1468 1968 1513 1990 hac

183 2004 314 2034 quaestione
327 2004 375 2036 egit
392 2006 417 2027 in
434 2009 502 2028 nota.
527 2004 606 2028 Priori
622 2005 748 2028 seutentiae
766 2005 828 2028 illud
844 2005 951 2028 maxime
966 2006 1048 2030 favere
1066 2006 1129 2029 mihi
1144 2007 1254 2036 videtur,
1273 2007 1337 2038 quod
1353 2008 1513 2031 Theramenes

184 2043 249 2072 apud
265 2043 376 2074 Xenoph.
392 2043 458 2067 nihil
477 2044 505 2067 de
521 2043 676 2075 Antiphonte
691 2045 765 2078 dicit,
783 2045 832 2069 nisi
848 2045 913 2070 hunc
929 2045 988 2069 duae
1005 2046 1113 2070 triremes
1128 2047 1160 2070 ad
1178 2047 1268 2070 bellum
1284 2047 1421 2070 contulisse.
