1820 2568
887 198 903 240 (
928 199 968 238 54
991 197 1006 239 )

333 278 412 315 Quae
433 275 510 306 dum
528 278 699 315 geruntur,
719 272 866 305 exsulum
881 270 976 302 multi
997 269 1036 301 ad
1053 269 1243 312 Thrasybuli
1259 275 1356 300 castra
1375 270 1612 301 confluxerunt.

290 330 427 368 Quidam
442 334 474 359 et
486 327 585 358 XXX
601 328 743 359 virorum
758 327 846 357 hunc
863 325 1026 362 adierunt,
1038 323 1142 366 palam
1158 323 1197 354 de
1211 324 1342 366 captivis
1357 322 1520 354 nonnullis
1536 334 1614 354 con-

288 383 393 414 silium
410 382 536 420 inituri,
553 380 634 411 clam
646 391 736 420 vero,
752 385 789 412 111
801 390 876 410 eum
896 382 1148 418 corrumperent.
1165 377 1382 408 Exhortantur
1401 378 1509 418 itaque
1521 388 1612 415 eum,

290 442 343 475 ut,
365 439 520 477 praesente
542 433 690 465 exsulum
705 433 798 465 turba
820 431 960 470 dimissa,
983 431 1017 460 in
1039 430 1165 472 imperii
1187 430 1384 470 societatem,
1407 430 1615 461 Theramenis

290 488 374 527 loco,
400 487 526 526 veniat,
550 492 583 517 et
604 486 714 518 decem
734 487 881 528 insuper,
910 495 988 526 quos
1007 484 1074 526 ipse
1095 483 1242 525 eligeret,
1273 484 1396 515 exsules
1420 484 1452 514 in
1479 485 1615 526 patriam

290 541 432 572 reducat.
472 541 514 571 At
538 539 701 582 respondit
724 538 960 581 Thrasybulus,
987 547 1020 567 se
1046 536 1192 568 exsilium
1225 549 1320 568 suum
1352 538 1451 567 XXX
1473 538 1617 568 virorum

289 594 441 636 praeferre
461 592 684 633 dominationi,
703 603 808 635 neque
823 591 899 622 belli
916 602 948 621 se
966 591 1062 620 finem
1082 590 1170 632 prius
1185 590 1346 620 facturum
1357 613 1365 628 ,
1379 601 1493 631 quam,
1514 589 1616 631 patria

289 658 327 678 ex
352 647 504 679 servitute
525 647 558 677 in
574 646 753 677 libertatem
774 644 945 683 vindicata,
967 643 1085 686 populo
1106 642 1290 685 reipublicae
1308 643 1457 685 gloriam,
1481 655 1499 673 a
1514 642 1616 685 majo-

289 699 376 730 ribus
399 705 575 742 acceptam,
603 701 636 730 in
660 700 829 742 pristinum
850 703 966 728 statum
987 697 1173 727 restituisset
1198 696 1255 738 (1).

332 754 407 784 Post
427 753 496 783 liaec
514 753 615 783 XXX
631 754 772 795 tyranni,
795 763 869 783 cum
887 750 1049 787 viderent,
1072 749 1143 779 odio
1163 749 1212 779 sui
1230 749 1441 779 desectionem
1464 747 1615 791 majorem

289 807 374 846 fieri,
400 805 593 847 turbamque
613 805 760 835 exsulum
780 804 907 845 augeri,
932 803 1067 843 legatos,
1089 802 1145 843 qui
1164 801 1320 832 auxilium
1339 807 1500 842 peterent,
1521 801 1618 842 Spar·—

290 865 354 890 tam
383 860 538 889 miserunt
557 857 618 899 (2);
650 867 757 899 neque
782 856 918 898 amplius
943 854 1038 886 rebus
1073 854 1137 885 suis
1162 853 1377 892 confidentes,
1401 853 1559 883 Eleusinis
1584 853 1619 883 in

291 923 380 942 suani
405 911 554 953 privatim
579 915 766 952 potestatem
794 908 976 951 redigendae
1011 907 1179 938 consilium
1205 907 1318 949 cepere
1335 930 1343 946 ,
1378 912 1415 937 ut
1443 906 1501 936 sibi
1538 912 1619 937 esset

288 965 469 1007 refugium,
495 965 520 994 si
536 974 664 994 necesse
684 963 777 993 foret.
804 962 900 1001 Quod
919 967 957 993 ut
977 961 1136 1000 facerent,
1158 959 1311 991 ultimum
1332 959 1413 990 illud
1434 959 1620 990 commisere

290 1017 407 1056 scelus,
431 1028 495 1059 quo
514 1015 676 1058 tyrannidi
696 1015 930 1048 violentissimae
951 1015 1047 1045 finem
1068 1013 1297 1044 atrocissimum
1319 1018 1409 1043 erant
1427 1013 1618 1055 imposituri.

290 1069 460 1112 Equitibns
484 1070 582 1111 igitur
602 1079 710 1099 secum
731 1068 778 1099 ire
801 1067 908 1111 jussis,
935 1066 1046 1096 Critias
1067 1071 1099 1096 et
1121 1065 1227 1096 caeteri
1246 1065 1346 1095 XXX
1368 1064 1517 1095 Eleusina
1543 1076 1619 1107 pro-

291 1123 367 1154 fecti
386 1128 476 1161 sunt,
496 1121 623 1164 ibique,
645 1120 806 1163 equitibus
822 1120 945 1162 stipati,
963 1118 1196 1162 oppidanorum
1212 1128 1379 1149 recensum
1396 1118 1618 1148 instituerunt:

292 1176 376 1219 quod
397 1187 429 1206 se
444 1176 550 1206 facere
567 1174 728 1215 dicebant,
753 1180 807 1214 ut,
829 1179 907 1216 quot
922 1183 1057 1203 numero
1071 1177 1188 1210 essent,
1208 1177 1240 1202 et
1256 1176 1375 1213 quanto
1391 1171 1428 1201 iis
1444 1181 1524 1212 opus
1540 1175 1622 1200 esset

292 1228 456 1272 praesidio,
480 1233 716 1270 cognoscerent.
749 1227 869 1258 Omnes
892 1227 1000 1268 itaque
1025 1224 1159 1256 describi
1185 1223 1369 1267 jusserunt,
1402 1231 1434 1253 et
1462 1223 1619 1265 singulos,

292 1284 421 1314 nomina
439 1293 494 1313 sua
519 1282 690 1324 professos,
716 1292 734 1312 e
753 1280 895 1324 portula,
918 1279 958 1311 ad
980 1290 1066 1310 mare
1087 1277 1241 1316 ducente,
1265 1277 1363 1308 exire.
1393 1276 1526 1306 Interim
1545 1286 1621 1306 vero

292 1337 326 1369 in
346 1335 438 1367 litore
461 1335 537 1365 hinc
562 1341 658 1377 atque
682 1334 758 1365 hinc
778 1335 902 1377 equites
922 1339 1012 1364 erant
1032 1332 1192 1374 dispositi,
1224 1336 1257 1361 et
1277 1336 1315 1361 ut
1336 1330 1471 1372 quisque
1494 1329 1623 1360 Eleusi-

294 1390 422 1420 niorum
444 1388 571 1431 portula
595 1387 717 1428 exibat,
742 1400 759 1419 a
783 1388 935 1419 ministris
960 1385 1171 1417 vinciebatur.
1204 1384 1377 1425 Postquam
1402 1392 1511 1412 omnes
1533 1392 1622 1411 com-

293 1442 443 1484 prehensi
458 1447 574 1481 essent,
597 1441 782 1484 Lysimacho
801 1442 947 1484 equitum
968 1440 1119 1483 praefecto
1140 1436 1353 1475 mandarunt,
1369 1441 1407 1467 ut
1426 1435 1499 1474 hos,
1520 1434 1623 1465 Athe—-

294 1506 349 1525 nas
371 1494 538 1533 abductos,
562 1493 610 1524 XI
631 1494 706 1525 viris
725 1494 882 1534 traderet3
908 1494 982 1525 dein
1002 1494 1062 1536 ipsi
1084 1493 1181 1523 etiam
1204 1490 1323 1522 reversi
1345 1495 1429 1520 sunt.
1467 1487 1622 1519 Postridie

295 1549 327 1578 in
349 1547 475 1579 Odeum
502 1547 718 1578 convocarunt
742 1548 845 1589 gravis
871 1553 1040 1578 armaturae
1064 1545 1199 1584 milites,
1224 1544 1280 1586 qui
1300 1544 1332 1573 in
1359 1541 1459 1573 MMM
1480 1540 1621 1583 catalogo

296 1608 403 1641 erant,
433 1601 636 1643 reliquosque
666 1601 799 1642 equiteS.
835 1600 884 1631 Ad
913 1611 991 1642 quos
1016 1599 1128 1630 Critias
1152 1607 1301 1638 surgens:
1342 1607 1360 1626 1)
1374 1593 1470 1633 Νο5”,
1497 1593 1622 1636 inquit,

300 1665 318 1684 »
333 1666 396 1684 non
417 1653 504 1686 vobis
524 1655 650 1693 minus,
676 1665 772 1696 quam
792 1653 898 1692 nobis,
925 1651 1157 1694 rempublicam
1181 1649 1413 1680 constituimus.
1438 1647 1500 1677 Par
1524 1646 1623 1688 igitur

299 1712 360 1745 est,
385 1706 653 1749 quemadmodum
677 1706 833 1737 bonorum
860 1706 1029 1748 participes
1052 1704 1158 1741 eritis,
1184 1704 1227 1733 ita
1253 1712 1382 1744 quoque
1406 1698 1624 1742 periculorum

299 1770 353 1790 vos
375 1760 442 1789 fieri
463 1766 628 1791 consortes.
659 1760 740 1790 Sunt
766 1765 872 1791 autem
896 1758 1070 1796 Eleusinii‚
1098 1767 1176 1798 quos
1198 1757 1231 1786 111
1252 1766 1355 1786 unum
1380 1759 1502 1784 coactos
1523 1751 1626 1783 habe-

360 1878 404 1907 (1)
420 1878 498 1900 Diod.
517 1886 536 1900 ev
559 1879 602 1905 52,
624 1880 734 1902 ,lustinus
752 1880 768 1901 l.
786 1881 803 1901 l.

359 1919 403 1945 (2)
420 1918 498 1939 Diod,
516 1917 532 1938 l.
555 1917 572 1938 l.
591 1918 654 1939 Just.
673 1918 689 1939 l.
709 1918 726 1939 l.
745 1919 785 1948 qui
801 1917 831 1940 ad
850 1918 894 1940 hoc
913 1918 985 1940 etium
1008 1921 1102 1946 tempus
1122 1916 1230 1939 referunt
1249 1920 1410 1946 tyrannorum
1430 1915 1521 1944 jussum
1544 1913 1604 1936 illud
1619 1931 1625 1941 ,

300 1964 346 1987 quo
362 1964 455 1983 omues,
476 1957 516 1987 qui
532 1957 611 1979 MMM
625 1956 731 1986 catalogo
746 1964 794 1978 11011
813 1958 1007 1985 continerentur,
1029 1966 1057 1980 ex
1074 1958 1130 1980 urbe
1150 1957 1281 1987 demigrare
1296 1960 1353 1978 sunt
1367 1955 1452 1979 coacti.
1471 1967 1499 1972 —
1514 1955 1627 1977 Iustinus

303 1998 330 2020 de
346 1997 444 2020 auxiliis
462 1997 542 2027 petitis
560 1997 644 2025 addit,
666 2002 760 2026 accepta
775 2005 800 2019 en
818 1997 898 2019 fuisse.
