1820 2568
796 225 896 267 (9)

175 312 356 356 Agidem,
386 311 446 354 qui
463 315 632 352 peterent,
661 313 698 338 ut
720 318 831 337 muros
852 313 886 337 et
906 306 1070 338 Piraeum
1094 310 1312 342 retinentibus
1340 314 1374 344 in
1404 314 1512 347 Lace„

176 367 425 398 daemoniorum
446 364 638 395 societatem
664 361 775 391 venire
801 361 923 391 liceret.
953 362 1055 404 Agis
1082 363 1212 405 legatos
1239 365 1287 395 ad
1305 367 1442 407 ephoros
1465 370 1512 400 ire

170 420 305 463 jussit,
335 431 356 449 a
377 418 520 460 quibus,
549 427 582 446 re
603 414 744 458 infecta,
770 414 948 445 redierunt.
978 415 1157 446 Volebant
1178 424 1289 449 autem
1310 431 1347 449 eo
1370 426 1511 462 tempore

178 471 457 506 Lacedaemonii,
494 475 531 500 ut
555 469 790 500 Athenienses
817 467 938 498 Piraei
962 479 1092 498 murum
1119 475 1296 513 utrumque
1320 473 1361 503 X
1388 475 1511 505 stadiis

179 526 409 556 imminuerent
434 523 491 565 (1).
535 522 667 561 Quibus
693 520 841 557 auditis,
871 521 1017 551 omnium
1039 522 1183 553 cecidere
1210 526 1316 555 animi
1340 528 1512 559 servitutis

168 578 313 621 futurae
339 582 447 614 metu,-
471 586 564 606 nemo
592 580 702 605 tamen
726 574 821 616 loqui
846 574 994 604 audebat
1016 574 1058 605 de
1082 577 1185 606 muris
1211 577 1400 617 diruendis,
1430 583 1512 614 adeo

179 630 334 673 quidem,
369 635 407 659 ut
438 628 709 663 Arch-estratus‚
745 638 849 668 quum
876 627 1038 664 dixisset,
1075 628 1128 658 nil
1151 641 1342 670 superesse,
1376 635 1445 665 nisi
1478 642 1515 666 ut

173 695 247 725 pax
265 683 370 725 fieret
388 682 574 723 propositis
601 680 872 718 conditionibus,
905 682 939 711 in
973 683 1109 713 vincula
1136 683 1371 726 conjiceretur,
1402 688 1514 720 decre—

179 742 315 777 tumque
334 735 455 777 fieret,
483 746 523 765 ne
553 735 608 764 oui
630 734 851 774 inposterum
872 735 987 766 liceret
1018 735 1213 778 hujusmodi
1234 740 1417 783 quicquam
1438 754 1515 774 sen-

179 789 303 820 tentiae
330 789 400 818 loco
430 789 464 818 in
489 788 634 818 medium
654 787 807 829 proferre
828 789 886 830 (2).
927 790 1025 827 Quae
1058 802 1132 820 cum
1155 792 1206 822 sic
1231 804 1305 824 sese
1330 795 1510 834 haberent,

184 843 402 873 Theramenes
426 841 473 882 (3)
500 842 535 870 in
558 841 713 870 concione
736 840 844 877 dixit,
882 842 914 871 si
940 843 1141 873 auctoritate
1162 846 1305 884 publica
1331 849 1516 880 mitteretur

179 895 228 925 ad
243 894 457 936 lysandrum
462 916 474 930 ,
495 905 531 923 se
549 893 716 934 explorati
731 894 869 935 aliquid
884 894 1015 925 domum
1041 896 1243 935 relaturum,
1273 905 1384 931 utrum
1403 913 1514 934 muros

180 947 358 978 diruendos
369 959 442 977 esse
443 946 606 989 juberent
615 946 892 984 Lacedaemonii,
911 959 977 989 quo
981 947 1133 990 facilius
1144 952 1309 984 Athenas
1323 954 1357 984 in
1371 957 1517 988 servitu-

181 1006 245 1030 tem
261 1000 465 1042 redigerent,
480 1011 524 1030 an
537 1001 682 1029 omnium
700 999 899 1030 Graecorum
911 1002 1105 1032 securitatis
1117 1014 1253 1035 caussa.
1263 1007 1399 1038 Missus
1412 1010 1518 1051 igitur

182 1054 251 1083 ista
275 1053 315 1082 de
338 1064 482 1087 caussa,
511 1057 630 1092 quarto
652 1051 783 1080 demum
807 1062 918 1080 mense
943 1051 1059 1088 rediit,
1086 1059 1118 1083 et
1137 1065 1173 1084 se
1193 1067 1215 1085 a
1235 1056 1411 1098 lysandro
1437 1061 1517 1103 (qni

180 1111 259 1135 tunc
273 1105 429 1144 temporis
451 1104 486 1133 in
506 1103 607 1133 Asia
623 1108 696 1133 era-t
715 1102 806 1144 (4)),
836 1108 997 1133 retentum
1020 1117 1094 1136 esse
1117 1107 1223 1145 dixit,
1251 1111 1384 1142 tandem
1404 1121 1517 1146 autem

180 1167 375 1198 responsum
398 1156 588 1196 accepisse,
611 1155 643 1185 si
665 1155 752 1196 quid
768 1156 887 1192 vellet,
911 1156 1195 1191 Lacedaemonem
1210 1163 1258 1193 ad
1271 1164 1424 1206 Ephoros
1443 1169 1516 1200 iret,

184 1211 298 1250 Quare
316 1210 424 1251 plena
452 1221 528 1240 cum
550 1214 723 1251 potestate
748 1209 1030 1242 Lacedaemonem
1066 1214 1232 1252 mittitur,
1268 1218 1366 1259 eique
1402 1232 1518 1253 novem

180 1264 288 1307 legati
313 1263 558 1305 adjunguntur.
593 1263 734 1293 Interim
759 1263 937 1304 lysander
961 1266 1209 1305 Aristotelem,
1242 1275 1320 1301 tunc
1345 1275 1514 1313 exsulem,

174 1323 297 1359 postea
323 1317 440 1348 XXX
458 1317 585 1353 virum,
613 1317 769 1358 aliosque
798 1318 908 1354 misit,
935 1319 996 1360 qui
1023 1321 1238 1360 nunciarent,
1270 1335 1358 1366 quae
1393 1327 1519 1360 Thera,-

181 1371 269 1401 meni
294 1370 448 1401 dixisset.
490 1366 633 1413 Legati,
655 1376 841 1413 postquam
867 1372 1066 1410 Sellasiam,
1104 1375 1275 1407 Laconiae
1307 1378 1513 1421 finitimam,

181 1430 356 1462 venerant,
386 1425 515 1467 rogati,
544 1436 609 1467 quo
634 1424 792 1456 mandato
814 1426 980 1463 venirent,
1008 1428 1263 1469 responderunt,
1289 1442 1363 1463 cum
1386 1445 1518 1467 summa

241 1538 285 1566 (1)
304 1537 415 1567 Xenoph.
434 1537 451 1559 1.
470 1537 488 1559 1.
505 1545 531 1559 v.
552 1537 586 1559 15.
607 1537 711 1566 Lysias,
731 1545 755 1567 p.
774 1539 827 1560 234.

243 1577 287 1604 (2)
306 1576 416 1605 Xcrioplt.
436 1576 454 1598 l.
471 1584 492 1598 e.

241 1616 286 1644 (5)
301 1616 344 1637 De
366 1615 530 1642 Theramene,
557 1616 671 1645 Agamus
689 1616 749 1644 filio
768 1616 918 1639 Atheniensi
943 1622 1022 1641 exstat
1043 1620 1112 1648 Spec.
1143 1622 1405 1648 Historico-Criticum
1425 1629 1517 1659 Iaaug.

183 1655 346 1686 (Lugd.-Bat.
367 1655 452 1683 1821.)
477 1655 524 1677 viri
545 1655 609 1677 doct.
634 1655 666 1677 G.
686 1656 718 1678 A.
740 1655 897 1685 Schneitlzer‚
923 1657 965 1688 qui
981 1658 1139 1683 Theramenis
1158 1669 1235 1685 mores
1258 1668 1282 1686 et
1298 1663 1422 1695 ingenium
1443 1675 1456 1689 a
1474 1668 1519 1691 cri-

181 1693 371 1721 minationibu3‚
391 1701 444 1723 quae
456 1701 510 1716 curn
526 1693 571 1716 hoc
585 1693 648 1721 loce,
668 1698 720 1716 tum
731 1694 805 1721 alibi,
824 1695 849 1718 in
866 1703 920 1718 eum
936 1696 1083 1729 afferuntur,
1103 1701 1195 1732 egregie
1210 1706 1233 1725 et
1245 1708 1326 1732 acute,
1341 1704 1404 1728 mihi
1419 1707 1519 1737 quidem

181 1733 317 1757 vindicasse
342 1733 456 1761 videtum
483 1735 552 1762 eujus
577 1734 606 1756 de
629 1734 674 1757 hoc
701 1734 754 1757 viro
781 1736 906 1759 sententiaa
931 1738 1076 1762 subscribere
1105 1742 1248 1772 neutiquam
1275 1743 1433 1774 dubitamus,
1463 1755 1518 1771 eum

180 1773 273 1796 scilicet
293 1778 320 1796 ut
339 1773 429 1795 bonum
454 1774 537 1796 virum
556 1778 628 1804 atque
653 1773 730 1797 civem
756 1774 902 1804 reipublicae
924 1778 1028 1801 salutem
1055 1781 1212 1812 quaesivisse,
1238 1790 1288 1806 non
1311 1789 1403 1813 tamen,
1425 1792 1452 1810 ut
1473 1788 1519 1812 hoc

182 1813 288 1842 faceret,
310 1812 368 1835 satis
385 1817 523 1835 constanter
540 1813 640 1835 eandem
662 1813 729 1836 viam
749 1820 856 1838 secutum
873 1816 956 1840 fuisse.
980 1818 1037 1841 Vid.
1055 1820 1121 1850 Spec.
1140 1829 1164 1851 p.
1183 1823 1211 1844 36
1227 1827 1251 1845 et
1267 1823 1304 1846 53.
1320 1836 1350 1842 —
1369 1825 1422 1849 Hoc
1439 1832 1521 1851 autem

181 1853 235 1876 loco
253 1853 297 1883 (p.
312 1854 343 1882 49
357 1865 370 1869 -
382 1853 431 1880 53)
456 1853 589 1882 generatim
609 1854 715 1877 ostendit
732 1855 813 1885 Lysiae
831 1857 877 1886 (a)
897 1857 926 1880 de
949 1857 1107 1883 Theramenis
1128 1861 1248 1892 legatione
1265 1865 1376 1888 narranti
1397 1874 1446 1890 non
1474 1876 1521 1891 esse

183 1892 320 1916 habendam
338 1892 423 1920 fidem3
445 1892 557 1923 quodque
574 1898 661 1923 quarto
683 1894 780 1918 deinum
797 1904 878 1920 mense
896 1897 936 1920 hic
955 1899 1067 1928 redierit,
1089 1901 1151 1924 illud
1171 1902 1248 1934 magis
1263 1904 1386 1935 Lysandri
1397 1908 1505 1932 moribus

184 1941 258 1964 quam
274 1933 433 1956 Theramenis
451 1933 516 1955 malo
534 1933 560 1956 iu
579 1934 754 1963 rempublicam
771 1937 854 1960 animo
874 1945 922 1961 esse
942 1939 1106 1963 tribuendum.
1512 1927 1518 1939 ²

336 1975 365 1996 (a)
379 1973 405 1992 In
422 1973 479 1992 orat.
497 1973 543 1992 adv.
560 1973 666 1993 Erato-tm.
683 1979 703 1994 nt
721 1976 844 2000 Aguratum.

246 2017 289 2047 (4)
309 2018 381 2041 Plut.
400 2026 425 2048 p.
446 2018 498 2041 440.
