1763 2511
826 156 965 198 (ωδ)

237 239 331 268 etiam
351 235 500 277 quoniam
513 244 577 264 non
593 233 694 263 omnis
707 231 823 263 ablatio
847 231 894 261 rei
915 229 1026 261 alieuae
1043 229 1168 262 furtum
1184 231 1362 270 constituit,
1378 231 1432 262 sed
1445 237 1570 264 tantum

236 290 349 321 ablatio
375 287 477 318 dolosa
490 311 498 327 ,
523 288 548 317 si
571 287 642 329 quis
663 297 730 317 rem
750 285 887 316 alienam
906 294 963 325 per
984 283 1089 326 jocum
1111 283 1296 322 abstulerit,
1318 290 1403 315 certe
1423 295 1488 316 non
1510 287 1570 317 erit

233 344 298 374 fur.
315 342 365 372 Sic
387 341 526 383 denique
550 340 694 371 falsarius
714 352 778 370 non
799 345 863 379 est,
884 339 1083 381 quicumque
1105 337 1180 369 salsa
1202 337 1434 381 subscriptione
1450 339 1571 378 utitur,

236 397 285 429 vel
308 396 395 427 aliud
428 395 656 438 quodcumque
687 393 803 425 falsum
830 392 1015 432 materiale,
1040 397 1079 423 ut
1101 392 1214 431 aiunt,
1240 392 1401 431 comittit,
1433 392 1488 423 sed
1516 392 1571 424 ille

236 456 359 481 tantum
384 450 440 492 qui
464 449 496 480 id
519 449 596 479 facit
617 447 731 479 fraude
756 447 838 478 mala
865 452 897 477 et
918 445 1054 477 nocendi
1074 445 1180 476 animo
1200 445 1546 488 (frauduleusement).

276 504 325 534 Ex
356 504 421 533 istis
450 502 597 533 omnibus
626 506 776 544 apparet,
804 511 901 542 quam
924 510 1040 542 parum
1064 498 1161 542 judex
1186 498 1374 540 profecerit,
1400 505 1568 542 postquam

231 557 353 588 sactum
373 562 405 587 et
425 562 587 587 auctorem
613 555 689 585 facti
715 554 882 597 physicum
907 552 1071 595 cognovit,
1091 557 1123 582 et
1139 551 1251 592 quanti
1274 553 1427 582 momenti
1452 553 1508 593 sit,
1531 559 1569 584 ut

233 611 417 641 interiorem
453 609 713 651 delinquentium
747 608 891 638 animum
930 605 1028 648 probe
1061 609 1252 647 cognoscat,
1279 610 1312 635 et
1337 606 1496 647 quomodo
1530 607 1570 639 ad

232 663 347 707 justam
373 673 548 705 poenarum
576 661 822 703 applicationem
841 683 850 698 ,
876 659 1031 689 voluntas
1048 681 1059 694 ,
1093 657 1232 688 libertas
1248 679 1260 693 ,
1289 658 1389 699 culpa
1404 681 1416 696 ,
1441 660 1538 691 dolus
1555 683 1566 697 ,

232 728 249 747 a
273 727 305 747 se
323 717 461 748 invicem
483 714 636 755 distingui
658 712 804 743 debeant.
836 712 918 749 Quae
940 711 1071 753 quidem
1094 711 1148 742 cui
1171 716 1203 742 et
1228 711 1388 754 quomodo
1412 713 1474 744 sint
1494 725 1570 756 pro-

231 769 333 800 banda
359 771 392 799 in
418 766 616 810 paragrapho
641 766 789 808 sequenti
812 764 1001 797 videbimus.

831 878 854 920 S
891 878 944 909 68.

236 983 375 1014 Cuinam
411 988 443 1013 et
479 981 649 1024 quomodo
674 981 830 1011 voluntas
846 1002 858 1016 ,
894 980 995 1021 calpa
1029 985 1132 1022 atque
1162 979 1259 1010 dolus
1288 982 1359 1011 sint
1377 981 1567 1022 probanda.

276 1090 434 1132 Expositis
456 1089 521 1134 jam
543 1088 691 1120 omnibus
711 1099 783 1130 quae
813 1086 853 1117 ad
879 1097 1006 1118 causam
1030 1086 1138 1117 delicti
1166 1086 1302 1131 alicujus
1322 1088 1482 1118 internam
1503 1089 1570 1121 sive

232 1143 383 1174 moralem
412 1143 599 1185 pertinent,
628 1147 660 1173 et
688 1153 759 1184 quae
788 1141 913 1172 faciunt
938 1140 1025 1183 quod
1054 1152 1150 1173 suum
1175 1140 1272 1172 alicui
1300 1141 1424 1173 factum
1455 1141 1507 1174 vel
1533 1143 1567 1173 in

232 1197 353 1228 delictis
372 1197 559 1229 voluntariis
582 1196 768 1238 simpliciter
793 1194 929 1234 talibus,
950 1193 1003 1226 vel
1022 1194 1057 1224 in
1082 1194 1238 1237 culposis,
1264 1194 1316 1227 vel
1337 1196 1372 1225 in
1396 1194 1508 1226 dolosis
1529 1195 1568 1227 ad

232 1261 360 1292 poenam
380 1250 477 1291 possit
502 1250 670 1290 imputari,
697 1248 860 1290 reliquum
883 1253 930 1278 est
951 1253 989 1278 ut
1005 1247 1184 1287 videamus,
1211 1248 1340 1279 cuinam
1360 1254 1393 1279 et
1411 1248 1573 1291 quomodo.

231 1302 356 1344 singula
386 1302 440 1332 illa
469 1300 689 1343 imputationis
719 1305 879 1331 momenta
905 1297 1067 1341 probanda
1101 1301 1174 1330 sint.
1201 1300 1250 1331 Ad
1278 1311 1375 1342 quam
1403 1302 1570 1332 materiam

230 1354 468 1393 illustrandam,
488 1354 550 1396 qua
570 1353 680 1384 dubito
699 1364 740 1383 an
761 1352 827 1383 ulla
849 1352 949 1394 magis
970 1353 1182 1385 controversia
1197 1358 1231 1383 et
1251 1353 1424 1385 levioribus
1446 1354 1568 1385 funda-

230 1409 345 1439 mentis
365 1408 520 1439 hactenus
540 1412 731 1449 pertractata
753 1406 869 1444 fuerit,
886 1405 1065 1436 secundum
1081 1410 1144 1436 tres
1161 1405 1229 1435 illas
1244 1405 1435 1437 delictorum
1448 1407 1568 1449 species

232 1473 309 1504 quas
330 1462 363 1492 in
384 1461 589 1503 paragraphis
604 1458 820 1502 superioribus
835 1459 983 1498 distinxi,
1000 1469 1040 1489 ex
1055 1458 1167 1489 ordine
1186 1459 1355 1501 procedam
1367 1483 1375 1499 ,
1395 1465 1429 1491 et
1449 1471 1565 1492 novam

233 1516 378 1558 experiar
403 1516 505 1553 viam,
527 1514 590 1557 qua
607 1525 658 1544 me
678 1514 744 1544 istis
766 1512 986 1544 controversiis
1008 1511 1146 1543 feliciter
1165 1513 1398 1543 extricaturum
1418 1524 1521 1555 spero.

278 1569 367 1611 Saepe
392 1569 479 1599 enim
509 1568 679 1610 quaesitum
706 1572 771 1605 est,
797 1578 837 1596 an
858 1570 1020 1608 comperto
1051 1564 1168 1595 delicto
1189 1570 1286 1607 atque
1309 1571 1457 1605 auctore,
1479 1566 1571 1598 dolus

233 1622 383 1664 praesumi
414 1621 563 1660 deberet,
584 1631 709 1651 necne:
735 1626 767 1651 et
797 1618 849 1649 alii
879 1618 974 1661 plane
998 1618 1165 1660 negando,
1191 1617 1244 1649 alii
1270 1618 1365 1661 plane
1382 1618 1568 1651 affirmando

231 1674 474 1717 responderunt.
495 1674 557 1706 Sed
578 1664 709 1716 quaestio
734 1673 822 1712 haec,
846 1675 889 1703 ita
910 1678 1081 1714 concepta,
1096 1673 1234 1703 nimium
1249 1673 1391 1715 angustis
1410 1673 1568 1705 limitibus

231 1728 358 1758 videtur
383 1729 525 1759 restricta
539 1752 547 1768 ,
572 1733 683 1770 utpote
705 1739 776 1770 quae
797 1726 837 1757 ad
857 1726 972 1757 delicta
993 1725 1172 1758 voluntaria
1194 1731 1226 1757 et
1241 1725 1370 1769 culposa
1389 1737 1453 1758 non
1467 1727 1568 1769 perti-

233 1785 325 1819 neat,
347 1787 441 1822 atque
467 1780 526 1812 alia
546 1792 585 1811 ex
610 1786 716 1823 parte,
731 1781 765 1812 in
777 1780 856 1820 illis,
870 1780 988 1824 quibus
1002 1780 1223 1822 restringitur,
1240 1779 1412 1819 limitibus,
1428 1780 1565 1811 nimium

234 1833 424 1876 generaliter
449 1835 576 1866 videtur
599 1834 700 1866 soluta
720 1858 729 1873 ,
758 1835 833 1877 quia
861 1834 1070 1877 praesumptio
1098 1833 1162 1864 doli
1188 1844 1295 1876 neque
1320 1844 1447 1876 prorsus
1470 1833 1565 1863 omit-

234 1886 328 1917 tenda
350 1897 456 1929 neque
476 1888 569 1930 plena
591 1888 652 1919 fide
671 1888 866 1920 admittenda
882 1894 939 1919 est.
965 1888 1044 1920 Rem
1066 1888 1175 1931 itaque
1196 1899 1253 1919 nos
1273 1887 1334 1920 sub
1357 1887 1417 1919 alio
1436 1892 1567 1930 aspectu

234 1939 442 1972 intuebimur.
