1763 2511
826 173 840 215 (
862 172 963 217 ⁷1⁵4.)

225 252 383 297 judicibus
403 250 552 283 relictum
575 254 642 288 est,
664 248 710 280 illi
739 259 777 279 ex
808 247 874 290 ipsa
899 252 1013 278 natura
1040 253 1072 278 et
1099 247 1220 280 ratione
1244 247 1407 292 judicandi
1429 261 1553 283 normas

223 313 334 350 petant
357 316 485 337 neeesse
509 310 566 336 est.
592 302 886 345 Quare.p1·incipiis
907 301 1132 344 philosophicis
1155 303 1329 345 praesertim
1349 303 1413 335 fuit
1433 296 1555 336 instan‘-

223 361 322 400 dum3
348 361 382 391 in
409 358 526 402 quibus
550 355 746 400 exponendis
767 367 817 387 me
835 367 960 398 semper
982 356 1148 388 veritatem
1168 363 1200 388 et
1218 356 1371 401 justitiam
1392 365 1465 389 ante
1482 370 1554 391 ocu-

224 416 267 447 los
289 414 436 446 habuisse
457 413 625 456 profiteor:
647 410 774 442 felicius
788 421 829 441 an
849 409 1106 453 imprudentius,
1128 409 1214 442 vobis
1227 435 1234 449 ‚
1253 410 1391 454 judices,
1408 423 1555 454 pronun-

224 468 384 500 ciandum.

266 522 376 562 Nunc,
394 528 431 553 ut
445 521 522 553 huic
540 519 706 563 quaestioni
722 518 785 562 jam
807 518 904 548 finem
920 517 1099 559 imponam,
1119 516 1199 547 mihi
1217 527 1286 547 mea
1302 523 1371 548 vota
1390 517 1428 548 ad
1444 518 1554 561 legum

225 582 405 608 nostrarum
426 574 604 606 conditores
619 579 651 604 et
672 572 711 603 ad
735 572 893 615 optimum
914 571 1053 613 Regem,
1068 569 1222 601 libertatis
1241 576 1354 601 nostrae
1375 571 1554 611 custodem,

225 636 349 662 vertere
372 629 482 669 liceat,
502 634 539 660 ut
561 628 650 658 nobis
672 627 851 670 juratorum
876 625 1109 656 institutionem
1129 628 1161 654 et
1177 621 1337 664 publicam
1360 623 1556 657 auditionem

224 684 353 715 testium
371 682 541 725 aliquando
562 681 751 718 restituant,
773 685 805 709 et
825 689 866 708 ne
889 677 953 708 duo
975 677 1149 708 firmissima
1169 675 1222 707 illa
1238 677 1427 708 innocentiae
1445 680 1554 719 praesi-

224 737 273 767 dia
290 760 298 774 ‚
327 746 399 777 quae
422 734 507 776 apud
532 745 587 764 nos
613 731 811 775 aliquamdiu
836 737 984 773 recepta,
1011 736 1044 761 et
1069 730 1283 772 aliquotfpost
1310 730 1400 760 annis
1423 729 1556 773 ademp*

224 795 254 820 ta
278 813 286 828 ,
318 799 427 819 omnes
459 788 542 819 cives
575 786 665 828 Reip.
692 791 833 816 amantes
868 784 1030 815 desideriis
1061 796 1096 816 ac
1128 783 1276 827 precibus
1307 783 1430 815 assidue
1463 795 1556 822 reve,-

223 847 312 881 caut,
339 840 378 871 ab
403 840 462 870 hac
495 839 624 881 regione
647 838 766 869 diutius
789 837 920 869 exulare
946 838 1119 880 patiantur.
1146 837 1193 868 Sit
1218 836 1308 868 nobis
1339 838 1486 880 exemplo
1502 837 1556 869 illa

225 906 301 938 gens
318 918 326 933 ‚
350 905 447 936 quam
470 893 591 923 fretum
617 903 633 922 a
660 891 750 922 nobis
774 903 838 922 non
866 898 931 922 tam
951 891 1080 931 dividit,
1102 902 1198 933 quam
1214 890 1367 921 libertatis
1386 902 1557 922 commune

224 947 366 979 studium
387 946 552 978 nobiscum
572 944 758 988 conjungit,
783 951 815 976 et
840 956 914 988 quae
934 945 1019 987 pacis
1041 945 1103 975 otio
1124 945 1227 976 utitur
1248 943 1287 974 ad
1308 944 1556 976 confirmandam

225 1008 256 1032 et
274 1000 495 1032 stabiliendam
516 999 677 1042 egregiam
697 999 783 1030 illam
806 999 1040 1030 institutionem
1053 1022 1061 1037 ‚
1082 997 1147 1040 qua
1171 997 1301 1040 quidem
1315 1022 1323 1036 ‚
1350 1003 1420 1040 post
1440 1003 1485 1028 tot
1505 1009 1557 1028 se-

226 1055 372 1086 culorum
390 1054 621 1097 experientiam
635 1076 643 1092 ‚
662 1058 814 1095 tanquam
830 1053 986 1084 tutissima
1002 1063 1074 1083 arce
1093 1051 1243 1083 adversus
1263 1051 1406 1093 iniquam
1429 1051 1557 1093 imperii

227 1109 290 1140 vim
313 1114 345 1139 et
368 1107 533 1138 libidinem
554 1107 667 1138 merito
688 1106 853 1149 gloriatur.
874 1106 965 1138 Illam
982 1118 1038 1137 nos
1058 1117 1230 1149 sequamur
1245 1105 1383 1144 ducem3
1407 1111 1558 1136 extranea

225 1174 265 1194 ne
288 1162 471 1194 dubitemus
484 1162 644 1200 mutuari,
660 1161 686 1191 si
701 1162 814 1192 nostris
829 1161 982 1193 videntur
997 1161 1117 1203 potiora
1127 1184 1135 1199 ,
1151 1159 1302 1202 quoniam
1318 1159 1396 1189 ratio
1415 1159 1560 1190 omnium

227 1223 407 1258 temporum
428 1221 460 1246 et
479 1215 622 1246 locorum
645 1220 711 1254 est3
736 1221 768 1245 et
792 1225 834 1245 ne
862 1213 1011 1256 Belgium
1032 1219 1177 1244 nostrum
1201 1211 1260 1243 ulli
1291 1217 1446 1243 terrarum
1471 1211 1559 1253 genti

229 1270 347 1302 civium
372 1269 557 1308 securitate,
583 1266 730 1297 libertate
750 1273 782 1297 et
801 1266 953 1297 felicitate
969 1266 1069 1298 cedat.
