1820 2568
989 168 1005 207 (
1034 177 1071 198 ¹0
1093 169 1109 208 )

384 240 587 283 indigebant,
609 251 686 282 quas
704 239 761 271 sibi
783 251 965 283 comparare
987 241 1162 272 necessario
1183 240 1300 281 debet,
1321 241 1520 284 quicumque
1540 241 1578 273 ad
1602 243 1712 286 reipu-

383 295 471 326 hlicm
489 295 596 325 munia
614 294 793 334 contendit,
816 295 882 326 sive
903 295 937 325 iu
957 293 1081 336 legibus
1097 294 1237 326 ferendis
1252 301 1374 338 partem
1391 307 1502 338 agere,
1522 297 1588 327 sive
1606 308 1713 328 causas

384 348 526 392 politicas
549 348 671 387 dicere,
698 349 764 380 sive
790 349 990 391 magistratus
1014 355 1070 379 aut
1092 348 1265 391 legationes
1288 348 1375 380 obire
1395 350 1524 392 cupiat,
1545 361 1616 392 quae
1638 361 1713 382 sane

383 402 525 433 latiorem
547 413 642 444 quam
663 402 786 433 Codicis
807 408 840 433 et
861 402 1093 433 Pandectarum
1114 403 1260 433 notitiam
1282 403 1461 445 requirunt.
1479 403 1590 445 ltaque
1609 402 1713 434 ordini

381 463 487 487 nostro
511 455 682 499 adjunctus
697 462 742 487 est
767 456 955 487 clarissimus
978 456 1137 487 Professor
1153 456 1183 486 J.
1199 456 1234 486 R.
1251 456 1436 487 Thorbecke
1449 480 1456 493 ,
1474 467 1569 499 quem
1580 481 1587 494 ‚
1607 456 1712 487 medio

380 510 556 541 studiorum
573 509 725 549 decursu,
743 510 858 552 triplici
880 510 982 553 palma
999 509 1060 553 jam
1078 510 1280 551 insignitum,
1299 509 1451 552 collegam
1463 510 1599 541 salutare
1610 510 1710 541 laetor.

424 565 527 594 Laetor
550 565 645 594 etiam
674 564 759 606 quod
785 565 868 595 iuter
894 575 1033 595 summos
1064 565 1282 607 magistratus,
1313 565 1368 606 qui
1393 564 1572 595 Academiae
1599 570 1713 595 nostrae

382 617 568 657 consulunt,
591 618 713 657 sedens,
733 619 781 650 vir
800 619 1055 661 praestantissime
1066 618 1127 660 (1),
1149 629 1245 660 quem
1264 618 1419 660 praecipui
1435 617 1615 648 scholarum
1637 617 1715 648 Bel-

381 672 523 714 gicarum
541 672 729 715 Inspectoris
750 672 843 705 titulo
863 673 985 704 ornavit
1006 673 1091 715 regia
1113 671 1267 716 Maiestas.
1290 671 1407 703 Nullus
1428 672 1571 714 profecto
1588 671 1713 714 dignior

381 725 459 763 suit,
479 727 531 756 cui
552 727 631 757 tanti
646 726 798 757 momenti
818 727 977 768 provincia
998 725 1262 763 demandaretur,
1284 736 1390 767 neque
1412 726 1529 756 frustra
1550 736 1714 767 speramus

380 778 501 819 aliquid
524 779 558 808 in
582 791 638 809 nos
663 779 749 809 illius
771 779 853 809 bene
881 778 1023 819 providae
1050 778 1166 807 mentis
1193 783 1399 807 manaturum
1426 788 1507 816 esse,
1538 789 1622 819 qua,
1649 777 1714 808 huc

379 841 502 871 usque,
534 831 757 860 Leodiensium
784 836 914 860 tuorum
943 840 993 860 res
1021 829 1206 860 domesticas
1230 829 1477 873 prudentissime
1507 831 1656 862 curavisti
1682 836 1714 861 et

380 882 607 925 dispensavisti.

424 936 526 966 Laetor
555 936 685 967 demun·
712 935 817 977 quod,
849 942 880 966 te
906 947 1035 978 quoque
1074 942 1246 978 praesente,
1281 937 1495 968 eruditissime
1524 937 1564 968 de
1591 937 1714 980 Jonge,

380 988 474 1020 verba
498 989 575 1019 mihi
598 989 757 1031 supersint
779 988 940 1027 facienda,
961 988 1001 1019 de
1021 1000 1214 1020 musaeorum
1235 997 1415 1021 nostrorum
1435 991 1655 1028 incrementis,
1677 1002 1713 1022 ac

381 1044 541 1086 praecipue
562 1043 601 1074 de
619 1044 850 1075 numismatum
874 1049 963 1074 curta
987 1043 1039 1073 1lla
1065 1042 1215 1085 quidem,
1245 1042 1299 1074 sed
1321 1043 1486 1074 utilissima
1511 1043 1712 1081 collectione,

382 1108 476 1139 quam
498 1098 615 1128 artium
642 1098 857 1128 amantissimo
877 1097 990 1127 Lixino
1011 1096 1050 1127 de
1069 1096 1159 1135 Bast,
1181 1095 1297 1127 debere
1316 1107 1350 1127 se
1368 1102 1472 1128 nostra
1490 1096 1574 1127 ultro
1596 1096 1715 1127 fatetur

382 1151 580 1181 universitas.
606 1151 675 1182 Non
698 1152 812 1186 nescis,
835 1157 888 1190 tu,
909 1151 1023 1182 harum
1041 1162 1148 1181 rerum
1165 1150 1369 1193 peritissime,
1391 1155 1548 1192 quantum
1567 1149 1607 1180 ad
1623 1148 1715 1180 illus-

382 1204 527 1235 trandam
550 1204 711 1236 historiam
736 1205 879 1236 conferat
898 1205 979 1236 bene
998 1205 1139 1236 ordinata
1161 1205 1392 1235 numismatum
1407 1203 1518 1242 series,
1535 1215 1596 1234 nec
1613 1209 1719 1246 grates

382 1256 545 1288 nobiscum
563 1269 655 1299 agere
672 1264 702 1288 te
717 1258 838 1300 pigebit
852 1259 987 1300 egregiis
1003 1259 1079 1289 viris
1094 1256 1186 1289 Falek
1196 1282 1204 1297 ,
1219 1258 1308 1289 Com.
1324 1257 1364 1289 de
1378 1258 1461 1289 Lens
1471 1281 1480 1296 ,
1501 1257 1714 1296 Cornelissen,

382 1310 411 1340 J.
435 1310 473 1340 (le
494 1310 629 1349 Volder,
656 1311 694 1342 (le
714 1312 837 1349 Roisin,
862 1311 995 1354 aliisque
1017 1312 1196 1343 Academiae
1219 1313 1373 1354 patronis,
1398 1323 1536 1354 quorum
1562 1323 1658 1354 opera
1683 1317 1714 1343 et

382 1362 586 1403 liberalitate,
611 1370 674 1395 tam
695 1367 829 1407 pretiosa
849 1366 951 1408 coepit
972 1366 1148 1408 comparari
1163 1365 1322 1408 supellex:
1342 1370 1391 1404 et,
1415 1365 1565 1407 quoniam
1581 1375 1619 1395 eo
1636 1376 1715 1395 con-

381 1416 465 1455 silio,
502 1418 526 1447 si
548 1418 632 1448 sama
654 1429 728 1449 vera
752 1425 814 1457 est,
841 1420 871 1449 in
905 1420 1019 1451 urbem
1047 1426 1185 1450 nostram
1207 1420 1336 1458 venisti,
1366 1425 1404 1450 ut
1425 1430 1522 1461 quatu
1548 1418 1714 1449 moriendo

380 1480 554 1500 numorum
575 1477 607 1501 et
626 1473 856 1503 numismatum
873 1474 996 1515 copiam
1013 1474 1144 1516 reliquit
1169 1472 1358 1505 venerabilis
1375 1472 1554 1503 Canonicus
1569 1471 1609 1503 de
1624 1471 1715 1510 Bast,

379 1522 507 1553 sedulus
525 1524 714 1566 inspiceres,
731 1525 823 1563 inde,
846 1532 882 1556 ut
901 1538 958 1568 par
973 1533 1034 1565 est,
1054 1528 1080 1556 si
1101 1526 1179 1568 quid
1193 1526 1275 1557 forte
1286 1526 1423 1569 principi
1436 1525 1715 1567 Hagae—Comitum

381 1576 558 1607 collectioni
583 1578 682 1616 desit,
709 1578 888 1616 ablaturus,
914 1590 983 1621 spes
1013 1578 1101 1610 haud
1128 1590 1206 1610 vana
1233 1590 1290 1610 nos
1317 1584 1421 1617 tenet,
1447 1585 1559 1610 caetera
1583 1578 1715 1616 saltem,

382 1635 538 1670 quantum
563 1641 620 1672 per
647 1636 677 1660 te
701 1631 825 1669 licebit,
858 1632 1120 1664 Gandavensibus
1141 1632 1289 1664 relictum
1314 1633 1365 1664 iri.
1396 1633 1468 1664 Non
1487 1631 1604 1676 injusta
1630 1631 1714 1674 peti-

381 1693 468 1721 mus,
498 1694 561 1713 non
583 1683 770 1715 inconsulta.
800 1686 879 1716 Nam
902 1686 1073 1729 pleraque,
1105 1697 1179 1717 cum
1201 1687 1235 1716 in
1257 1685 1404 1716 Flandria
1431 1685 1553 1716 detecta
1579 1684 1618 1715 ad
1646 1684 1715 1727 ejus

383 1736 605 1778 antiquitatem
627 1738 824 1778 referantur,
850 1740 901 1770 vix
922 1740 996 1771 alibi
1018 1740 1216 1771 commodius
1240 1751 1276 1771 ea
1299 1741 1436 1778 servari,
1457 1745 1513 1770 aut
1532 1738 1643 1770 utilius
1665 1738 1717 1769 in-

382 1791 458 1832 spici
481 1801 584 1832 pos-se,
606 1802 700 1833 quam
720 1794 750 1822 in
773 1793 836 1834 ipsa
854 1794 1065 1826 Flandrorum
1080 1794 1159 1826 urbe
1177 1794 1342 1838 primaria,
1363 1804 1458 1824 nemo
1473 1792 1592 1824 inficias
1607 1792 1711 1824 iverit.

388 1865 390 1868 >
416 1842 586 1874 'Caeterum
609 1845 700 1886 Regis
721 1848 971 1879 munificentiam
988 1849 1271 1892 Ministrorumque
1287 1846 1462 1889 disciplinis
1477 1845 1708 1878 liberalioribus

385 1897 562 1929 faventium
584 1898 778 1941 largitatem,
804 1902 862 1943 ipsi
883 1914 1013 1946 quoque
1035 1904 1151 1946 privati
1172 1901 1313 1934 aemulati
1332 1905 1418 1932 sunt.

441 2010 475 2038 (ι)
502 2010 546 2033 Vir
568 2011 625 2034 clar.
648 2011 758 2037 Walter,
779 2012 853 2035 Acad.
878 2014 950 2037 Leod.
978 2016 1105 2045 inspector.
