1820 2568
750 186 767 228 <
794 196 825 215 ιι
852 185 868 227 )

181 264 337 296 Musaeum
356 260 553 304 zoologicum
575 265 608 290 et
627 257 908 299 mineralogicum,
930 257 1043 288 ordine
1063 257 1242 290 admirabili
1264 259 1466 303 dispositum,

138 318 349 356 concharum,
376 315 623 357 zoophytorum,
650 311 766 342 ossium
791 311 946 342 fossilium
975 313 1152 354 emptione,
1178 324 1238 344 nec
1258 325 1322 345 non
1343 321 1376 346 et
1395 315 1472 346 Del-

137 372 237 416 phiuo
259 370 440 412 Globicipe,
463 367 503 398 ad
526 365 684 397 Zelandiae
703 365 793 396 litora
822 371 1008 408 tempestate
1028 367 1147 410 eiecto,
1171 368 1297 399 maxilla
1328 369 1472 402 inferiori

138 425 357 461 Mastodontis,
380 432 509 465 perraro
535 432 630 459 casu,
658 419 692 449 in
714 418 833 449 Scaldis
852 419 942 450 alveo
963 427 1087 463 reperta
1101 445 1110 460 ,
1136 421 1251 464 Aquila
1277 422 1472 465 Japonensi,

139 479 311 520 multisque
333 476 401 507 aliis
421 475 532 513 rebus,
565 484 644 516 quas
670 472 858 503 academicis
883 473 995 516 opibus
1025 474 1171 518 adjecere
1200 482 1386 518 praestantes
1413 478 1472 509 viri

139 534 226 564 Com.
247 543 307 563 vau
329 531 386 562 der
402 529 548 568 Meeren,
572 527 612 559 de
634 526 733 566 Cocli,
754 527 908 568 Bodaert,
931 540 991 561 van
1013 527 1120 568 Aken,
1142 529 1173 559 S.
1195 541 1257 562 van
1273 531 1473 574 Caneghem,

138 597 202 618 non
223 585 425 616 mediocriter
446 582 679 625 locupletatum
702 587 759 612 est.

183 640 338 672 Musaeum
357 639 589 676 anatomicum,
606 636 858 679 physiologicum
875 642 907 667 et
927 635 1183 679 pathologicum‚
1202 637 1308 669 indice
1329 646 1477 671 accurate

139 693 306 731 confecto,
330 692 486 734 exquisita
512 691 639 721 fetuum
666 695 915 721 monstrosorum
939 691 1186 733 compositione,
1211 692 1335 735 ingenti
1356 695 1477 725 instru-

141 753 322 780 mentorum
352 745 608 787 chirurgicorum
638 750 792 786 apparatu
809 768 817 781 ,
850 744 1043 776 instructum
1075 751 1107 776 et
1133 752 1287 786 auctum,
1311 746 1477 779 utilissima

142 802 218 833 artis
238 799 414 831 ediscendae
434 798 628 829 adminicula
650 796 880 839 professoribus
903 804 935 828 et
955 798 1119 841 discipulis
1143 799 1273 841 praebet.

183 855 268 886 Artis
291 852 479 884 obstetriciae
500 851 646 882 studiosis
666 850 775 882 deerat
799 852 1032 891 nosocomium,
1054 852 1140 894 quod
1161 854 1386 885 maternitatis
1404 853 1479 886 bar-

140 909 246 941 barice
267 907 395 945 dicunt,
418 906 594 936 maximum
616 905 787 947 cliirurgiae
809 904 931 936 cliuicae
955 904 1191 948 adjumentum.
1214 906 1357 938 Civitatis
1375 908 1480 939 admi-

140 963 340 999 nistratores,
362 971 403 991 ne
419 958 617 990 medic-irum
638 958 879 1000 disciplinarum
895 959 1009 989 lacuna
1029 960 1092 990 ulla
1107 967 1301 1001 superesset,
1323 968 1370 992 tot
1386 968 1478 994 antea

140 1016 220 1060 jam,
243 1015 282 1046 ad
302 1014 502 1057 splendorem
524 1013 712 1050 academiae,
735 1012 826 1042 factis
847 1011 1045 1054 sumptibUS,
1073 1012 1106 1042 in
1133 1012 1234 1043 civilis
1255 1016 1478 1055 aegrotantium

140 1068 269 1111 hospitii
289 1067 469 1105 vicinitate,
493 1066 575 1097 aedes
595 1066 763 1109 puerperis
784 1065 1034 1097 accommodatas
1054 1066 1161 1097 extrui
1184 1066 1357 1109 jusserunt.

182 1122 302 1153 Hortus
330 1120 509 1159 botanicus,
538 1131 602 1163 quo
635 1120 689 1151 vix
718 1119 821 1158 ullus,
853 1120 887 1150 in
919 1125 983 1150 tota
1010 1120 1157 1161 Europa,
1188 1120 1388 1162 opulentior,
1414 1132 1479 1153 non

140 1176 328 1217 interruptis
348 1174 431 1205 florae
453 1174 584 1205 exoticas
605 1173 733 1204 tributis
757 1174 867 1216 augeri
889 1179 922 1204 et
937 1173 1030 1204 ditari
1051 1184 1115 1203 nou
1137 1173 1244 1213 desiit,
1267 1180 1380 1217 atque,
1402 1187 1479 1218 pro-

140 1229 270 1262 vidente
303 1229 502 1271 potissimum
526 1227 768 1270 diligentissimo
792 1226 971 1258 Academiae
993 1227 1147 1258 Curatore
1172 1227 1352 1269 Hultemio‚
1377 1234 1479 1260 statua

140 1282 307 1315 decoratus
333 1287 381 1312 est
405 1281 545 1323 Augerio
577 1279 735 1312 Busbekio
760 1281 878 1323 posita,
905 1281 961 1323 qui
987 1292 1005 1311 a
1030 1280 1141 1311 Carolo
1166 1281 1290 1319 Quinto
1312 1288 1345 1313 et
1367 1282 1480 1314 Ferdi-

139 1335 245 1367 nando
270 1336 379 1366 Primo
410 1334 533 1378 legatus
561 1334 601 1365 ad
631 1334 810 1365 Turcarum
840 1335 1082 1377 imperatorem,
1114 1335 1161 1366 rei
1192 1334 1362 1375 herbariae,
1393 1335 1479 1367 horis

139 1389 328 1428 subsecivis,
360 1389 502 1428 deditus,
534 1399 573 1419 ex
599 1387 915 1431 Constantinopoleos
939 1388 1051 1420 vicinis
1077 1390 1160 1431 agris
1184 1394 1216 1420 et
1243 1390 1316 1420 Asia
1343 1391 1477 1430 minori,

140 1449 256 1487 praeter
279 1442 354 1474 alias
371 1441 555 1485 plantarum
577 1442 713 1484 species,
734 1441 893 1472 Liliacum
915 1442 947 1472 in
973 1442 1109 1485 patriam
1133 1448 1273 1474 nostram
1293 1449 1326 1474 et
1347 1443 1478 1486 Tulipas

139 1496 314 1528 transtulit.

185 1550 233 1580 De
257 1549 471 1589 Bibliotheca,
492 1548 744 1592 exquisitissimis
765 1548 915 1591 operibus
933 1549 997 1592 jam
1018 1555 1127 1580 ornata
1149 1555 1181 1580 et
1200 1550 1340 1592 copiosa,
1361 1561 1478 1593 quam-

142 1615 221 1647 que,
246 1603 379 1646 singulis
404 1604 511 1643 annis,
539 1604 745 1646 copiosiorem
773 1602 898 1633 faciunt
926 1603 1015 1645 regia
1037 1602 1192 1642 subsidia,
1218 1603 1297 1646 quid
1319 1603 1477 1643 referam,

142 1657 202 1687 nisi
233 1656 329 1688 libros
355 1657 388 1687 in
419 1657 579 1699 optimum
609 1656 753 1688 ordinem
788 1656 969 1696 collocatos,
1005 1658 1305 1699 accuratissimeque
1335 1657 1477 1700 catalogo

140 1711 323 1752 inscriptos,
344 1716 378 1742 et
394 1710 582 1742 Professoris
596 1710 682 1741 illius
698 1709 849 1742 custodiae
867 1710 1026 1752 praepositi
1039 1710 1252 1742 eruditionem
1270 1716 1302 1741 et
1314 1710 1477 1754 Adjutoris

141 1763 339 1806 diligentiam
364 1762 606 1795 demonstrare?
644 1763 726 1794 Boni
751 1763 882 1806 quidem
907 1763 968 1794 hoc
995 1765 1126 1804 ominis,
1153 1764 1208 1795 sed
1233 1764 1335 1796 multo
1359 1765 1478 1796 certius

141 1815 222 1848 illud
240 1817 457 1859 prosperitatis
479 1816 652 1857 indicium,
680 1816 766 1860 quod
790 1816 968 1860 legentium
993 1823 1026 1849 et
1049 1817 1089 1849 ad
1111 1818 1375 1849 reconditis-‚simos
1401 1818 1478 1849 doc-

141 1870 300 1901 trinarum
313 1870 417 1901 fontes
431 1872 693 1902 concurrentium
705 1882 860 1903 numerus
876 1872 909 1902 in
925 1871 1011 1903 diem
1024 1877 1158 1912 crescat,
1175 1883 1235 1903 nec
1251 1872 1317 1903 ullo
1333 1883 1477 1914 unquam

144 1927 305 1966 tempore,
327 1929 468 1964 tautum,
489 1925 524 1955 in
542 1924 752 1957 literatissima
770 1926 916 1966 civitate,
937 1926 1079 1958 discendi
1100 1926 1243 1958 studium
1262 1927 1412 1969 viguerit.

188 1976 339 2020 Superest
364 1983 402 2009 ut
424 1976 464 2009 de
489 1979 808 2021 magnificentissimis
830 1979 893 2012 illis
914 1978 1035 2012 aedibus
1055 1979 1176 2022 dicam,
1198 1991 1291 2023 quas,
1308 1981 1342 2011 in
1361 1978 1476 2011 acade-
