1820 2568
350 249 415 282 est,
435 239 591 283 siquidem
614 237 808 276 innumeris,
828 245 890 267 nec
909 233 1117 266 mendacibus
1138 235 1342 275 testimoniis,
1368 236 1484 267 certior
1507 235 1584 268 hinc
1606 238 1675 270 fieri

348 295 466 339 potuit,
488 305 582 336 quam
602 302 694 323 carus
713 290 857 334 collegis,
878 290 990 332 quanti
1005 288 1045 320 ab
1066 288 1212 320 omnibus
1233 290 1420 329 aestimatus,
1441 295 1599 332 quantum
1619 290 1677 322 de·-

349 348 501 380 siden-atus
530 346 638 377 fuerit.

394 400 488 432 Nunc
512 399 552 430 de
575 396 760 429 laetioribus.

392 453 582 484 Auditorum
601 460 757 481 numerus
771 449 846 491 qui,
862 447 903 479 ab
916 447 1061 478 instituta
1077 446 1254 487 academia,
1270 447 1357 478 lento
1373 447 1526 490 quodam,
1543 454 1576 479 at
1590 454 1677 480 certo

351 516 537 549 progressu,
563 509 727 542 creverat,
753 502 831 533 adeo
855 512 918 532 non
945 501 1136 532 imminutus
1160 506 1227 540 est,
1256 507 1292 532 ut
1316 507 1430 543 praeter
1450 513 1538 544 spem
1564 508 1678 534 auctus

351 560 400 590 sit.
426 558 493 589 Nec
516 557 556 588 ad
577 568 633 587 nos
651 566 808 587 accessere
831 556 908 597 qui,
937 554 1069 586 vixdum
1097 553 1241 584 delibatis
1266 554 1385 593 literss,
1406 566 1523 586 nomen
1552 561 1677 587 tantum

350 611 435 655 apud
459 611 648 654 professores
667 609 773 640 daturi
796 614 919 647 essent,
937 607 992 639 sed
1012 618 1087 639 vere
1107 607 1255 646 studiosi,
1279 619 1358 649 quos
1379 619 1554 639 numerum
1578 609 1675 640 fuisse

349 676 443 696 nemo
463 664 588 696 dixerit.
611 663 660 694 Ad
676 668 800 693 tantum
823 661 966 704 profecto
984 661 1218 691 incrementum
1244 660 1451 691 contulerunt
1469 667 1501 692 et
1520 662 1552 692 in
1570 668 1677 703 poste-

353 730 425 750 rum
441 727 642 759 summopere
660 715 826 746 conferent
839 714 1059 756 sapientissimi
1076 714 1168 754 Regis
1183 713 1306 744 decreta
1317 738 1325 753 ,
1342 714 1457 756 quibus
1473 715 1535 758 jam
1554 715 1676 757 pridem

352 776 483 802 cautum
498 775 565 808 est,
586 779 628 800 ne
648 768 706 799 ulli
721 767 886 807 deinceps,
904 765 1020 807 gradus
1037 765 1231 796 academicos
1256 777 1320 796 non
1340 767 1465 808 adepti,
1486 768 1526 797 ad
1545 778 1678 799 munera

350 823 476 866 publica
497 821 727 857 eveherentur,
743 825 792 857 et,
808 818 992 857 novissime,
1016 817 1267 848 adolescentibus
1282 818 1403 860 Belgis,
1422 825 1509 850 extra
1526 820 1676 862 patriam,

350 876 532 919 peregrinos
548 884 650 905 mores
666 878 698 904 et
718 872 885 914 peregrina
907 870 1052 901 instituta
1072 871 1248 910 secuturis,
1267 872 1353 901 omni
1374 872 1407 902 in
1430 871 1593 914 republica
1610 884 1680 904 ma—

351 930 483 972 gistratu
502 927 708 959 interdictum
721 931 778 956 est.
795 925 934 963 Verum,
953 930 1237 966 quantamcunque
1257 930 1354 955 tantae
1370 926 1584 966 prosperitatis
1602 936 1678 967 par-

351 988 415 1013 tem
442 981 540 1023 regiae
560 979 723 1021 sapientiae
744 977 884 1009 tribuere
908 988 1039 1020 aequum
1062 978 1124 1016 sit,
1147 988 1236 1007 suam
1258 989 1386 1019 quoque
1404 984 1436 1008 et
1457 978 1678 1017 alumnorum,

351 1033 519 1078 conjuncta
541 1044 616 1063 cuin
635 1031 851 1062 ardentissimo
871 1029 997 1060 dicendi
1016 1040 1122 1060 amore
1135 1053 1143 1069 ,
1170 1029 1316 1060 honestas
1329 1053 1337 1067 ,
1357 1036 1389 1060 et
1411 1031 1623 1072 professorum
1645 1032 1679 1061 in

352 1086 560 1129 exsequendis
575 1084 682 1116 officiis
701 1083 865 1123 sedulitas,
883 1094 946 1113 non
968 1083 1126 1113 immerito
1144 1082 1203 1112 sibi
1228 1082 1400 1113 vindicant.
1417 1082 1484 1112 Hoc
1504 1083 1591 1113 enim
1606 1094 1681 1113 aca-

353 1140 464 1171 demiae
498 1138 715 1169 Gandavensis
744 1136 844 1169 veluti
877 1135 1043 1178 proprium
1069 1140 1135 1173 est,
1160 1134 1266 1176 quod,
1290 1135 1462 1177 irrequieta
1490 1134 1547 1165 bac
1568 1140 1680 1174 aetate,

356 1204 449 1235 quam
471 1192 608 1222 nimium
628 1197 731 1221 tamen
754 1189 904 1231 temporis
918 1188 979 1219 acti
993 1187 1171 1219 laudatores
1191 1187 1447 1225 calumniantur,
1467 1199 1484 1218 e
1506 1193 1592 1218 tanta
1616 1187 1681 1219 dis-

353 1245 534 1288 cipulorum
551 1243 681 1288 juventa
698 1242 894 1274 fervidorum
910 1241 1105 1283 frequentia,
1126 1240 1178 1272 vix
1197 1240 1282 1271 ullus
1299 1240 1338 1270 ab
1357 1240 1539 1282 integritate
1555 1251 1682 1271 morum

356 1303 388 1334 et.
415 1297 514 1328 civilis
539 1296 710 1338 disciplinae
736 1294 913 1327 reverentia
946 1294 1118 1325 recesserit.
1144 1293 1215 1324 Non
1241 1294 1359 1323 mirum
1384 1304 1479 1334 erga,
1502 1305 1518 1322 a
1540 1293 1682 1324 circum-

356 1350 530 1394 jacentibus
561 1349 749 1392 provinciis,
776 1359 814 1379 eo
838 1358 1027 1378 concurrere
1054 1346 1185 1389 juvenes
1201 1370 1208 1384 ,
1234 1345 1288 1376 ubi
1318 1345 1398 1375 nihil
1428 1345 1613 1387 parentibus
1636 1350 1682 1376 est

355 1403 439 1445 quod
461 1404 592 1433 timeant
614 1402 652 1432 de
677 1400 952 1432 comessationibus
974 1400 1035 1430 illis
1059 1399 1234 1437 continuis,
1256 1398 1431 1440 politicisve
1450 1403 1506 1428 aut
1527 1397 1678 1439 religiosis

358 1455 635 1497 disceptationibus
655 1466 726 1497 quae
745 1460 792 1485 tot
814 1454 889 1485 olim
902 1478 910 1493 ,
936 1460 969 1484 et
990 1459 1095 1484 nostro
1121 1452 1295 1495 praesertim
1315 1462 1402 1490 aev0‚
1425 1450 1585 1481 tumultus
1607 1449 1681 1481 alibi

357 1513 560 1551 pepererunt.

399 1561 470 1592 Non
492 1562 608 1592 mirum
631 1560 824 1592 academiam
848 1559 907 1590 hac
928 1560 962 1589 in
987 1558 1067 1589 urbe
1087 1558 1216 1595 florere,
1241 1568 1334 1598 qum,
1358 1567 1433 1587 cum
1467 1555 1683 1586 doctrinarum

359 1620 391 1645 et
409 1615 525 1644 artium
546 1619 591 1643 tot
611 1614 678 1644 sere
695 1612 898 1644 sectatoribus
916 1610 1092 1654 superbiat,
1109 1616 1186 1653 quot
1206 1610 1335 1647 incolis,
1353 1609 1500 1640 studiosae
1520 1608 1685 1652 juventuti

357 1666 509 1698 literarios
529 1671 649 1704 coetus,
675 1672 707 1696 et
731 1665 858 1707 Belgice
881 1663 1083 1706 colloquendi
1108 1663 1359 1705 opportunitates
1391 1661 1683 1704 frequentissimas,

359 1726 392 1751 et
414 1720 610 1750 theatrorum
635 1719 850 1749 honestissima
871 1717 1118 1755 oblectamenta,
1141 1721 1174 1746 et
1191 1715 1331 1757 patentia
1353 1715 1496 1756 undique
1514 1713 1554 1744 ad
1574 1713 1685 1757 deam·-

359 1772 537 1803 bulaudum
553 1778 586 1802 et
603 1771 811 1803 lectitandum
834 1772 1045 1802 amoenissima
1063 1770 1129 1801 loca
1145 1768 1340 1812 suppeditat:
1362 1779 1403 1798 ne
1423 1767 1535 1809 loquar
1553 1766 1593 1797 de
1608 1778 1684 1809 pro-

360 1826 515 1857 fessorum
538 1825 647 1856 ordine
672 1825 862 1864 clarissimo,
884 1825 959 1867 qui,
983 1836 1047 1854 non
1072 1822 1260 1865 praescriptis
1285 1826 1409 1851 tautum
1437 1819 1628 1850 lectionibus
1651 1825 1684 1850 et

361 1878 540 1910 scholarum
561 1879 620 1909 rite
638 1877 817 1909 habitarum
833 1879 1064 1909 accuratissima
1080 1876 1259 1918 diligentia,
1279 1873 1333 1904 sed
1352 1873 1459 1904 addito
1480 1874 1576 1903 ctiam
1600 1883 1685 1914 prae-

364 1932 462 1976 ceptis
484 1931 652 1974 exemplo,
676 1931 715 1963 ad
737 1931 927 1963 nobilissima
950 1942 1085 1974 quaeque
1108 1928 1211 1960 studia
1230 1927 1442 1960 adolescentes
1461 1926 1636 1957 informant
1652 1931 1684 1956 et
