1820 2568
869 183 988 225 (44)

263 263 326 293 suis
349 261 438 301 tulit,
465 267 496 291 et
517 260 662 291 celeriter
681 265 755 290 ante
776 258 851 289 alios
872 257 910 288 ad
933 263 1060 288 octonos
1085 257 1185 288 aciem
1207 269 1297 290 suam
1322 260 1483 290 instruxit.
1506 261 1594 291 Pau-

264 317 363 347 sanias
383 320 490 346 autem
514 315 652 357 graviter
670 324 810 356 pressus,
835 317 867 342 et
887 310 925 341 ad
948 310 1047 341 stadia
1067 310 1193 343 circiter
1211 319 1349 355 quatuor
1371 319 1427 344 aut
1448 314 1593 357 quinque

264 380 372 401 versus
395 367 558 399 tumulum
584 367 743 410 quendam
770 365 923 408 paulatim
952 363 1086 406 gradum
1110 366 1273 407 reserens,
1302 367 1510 401 denunciavit
1530 369 1593 399 La—

263 423 462 454 cedaemoniis
484 421 679 463 reliquisque
705 421 809 458 sociis,
838 418 877 449 ad
901 428 933 449 se
961 424 998 449 ut
1021 418 1243 452 concederent.
1271 421 1355 453 Tum
1383 422 1450 453 acie
1471 421 1594 453 densis-

262 477 339 507 sima
361 475 531 514 instructa,
558 475 591 505 in
618 474 826 505 Athenienses
849 472 965 503 milites
990 472 1098 513 duxit3
1130 486 1208 517 quos
1238 476 1272 507 hi
1297 477 1437 519 primum
1461 475 1594 519 quidem

262 530 405 561 cominus
430 529 603 571 excepere,
636 528 689 559 sed
720 527 833 559 deinde
861 526 913 557 alii
942 528 974 558 in
1002 533 1126 568 tutum,
1155 529 1241 571 quod
1272 536 1339 561 erat
1369 541 1468 572 prope
1499 529 1593 560 Hales

263 582 451 621 AExonidas,
474 584 632 625 protrusi,
657 582 708 612 alii
730 582 762 611 in
787 581 897 624 fugam
917 582 979 612 acti
1003 588 1095 623 sunt,
1117 595 1153 614 ac
1174 585 1243 615 caesi
1266 595 1377 616 eorum
1399 584 1439 615 ad
1461 590 1593 615 centum

262 643 294 668 et
314 638 555 679 quinquaginta.
576 635 761 674 Pausanias,
781 640 899 666 statuto
919 641 1051 678 tropae0‚
1078 636 1170 677 abiit,
1194 643 1226 668 et
1242 648 1283 669 ne
1304 638 1348 668 sic
1368 637 1499 680 quidem
1519 649 1595 668 suc-

263 691 386 721 censuit
410 690 586 728 exsulibus,
615 688 669 719 sed
695 688 777 719 clam
801 687 842 719 ad
869 689 1009 720 Piraeum
1039 690 1193 720 nuntium
1222 691 1367 730 mittens,
1398 702 1463 721 non
1490 690 1595 722 solum

263 746 389 776 monuit
407 755 473 783 eos,
493 749 529 774 ut
548 742 665 784 legatos
686 742 726 773 ad
744 753 776 773 se
798 748 830 772 et
847 741 981 784 ephoros
997 748 1168 783 praesentes
1188 744 1354 774 mitterent
1366 767 1374 783 7
1394 743 1449 774 sed
1466 743 1595 775 edocuit

262 799 376 836 etiam,
401 796 516 839 quihus
539 795 657 838 legatos
687 795 842 826 mandatis
873 796 1081 826 instruerent.
1113 797 1155 827 Et
1176 796 1211 827 hi
1235 797 1367 839 quidem
1389 798 1526 840 paruere
1547 798 1594 828 ei:

261 851 420 892 simulque
441 850 527 881 idem
547 850 719 881 Pausanias
734 848 872 881 urbanos
889 849 924 881 in
942 849 1064 881 diversa
1080 848 1184 880 studia
1201 851 1283 893 egit⁷
1304 850 1406 893 iisque
1426 851 1595 893 praecepit,

260 910 298 935 ut
319 904 441 934 collecti
460 903 689 947 quamplurimi
704 914 737 934 se
753 909 786 934 et
805 902 941 945 ephoros
962 902 1088 935 adirent
1102 914 1138 934 ac
1153 904 1397 946 profiterentur,
1418 903 1501 935 nihil
1516 916 1596 948 opus

259 958 318 990 sibi
339 969 404 989 esse
424 957 508 989 bello
529 959 562 988 in
587 959 776 996 Piraeenses7
803 956 857 988 sed
882 956 977 988 malle
1000 968 1053 997 se,
1075 963 1129 997 ut,
1147 968 1226 1000 pace
1247 958 1412 1001 utrimque
1433 957 1537 998 facta,
1562 959 1597 989 in

259 1013 431 1043 amicitiam
462 1012 610 1044 venirent
634 1010 967 1049 Lacedaemoniorum,
989 1021 1087 1052 quam
1112 1011 1196 1043 cives
1218 1022 1293 1042 cum
1323 1011 1446 1043 civibus
1472 1011 1595 1043 bellum

259 1067 422 1097 nefarium
441 1071 474 1096 et
497 1065 642 1107 utrisque
667 1064 836 1096 exitiosum
858 1069 1008 1106 gererent
1023 1063 1082 1106 (1).
1106 1063 1262 1095 Placuere
1283 1063 1351 1095 haec
1372 1064 1455 1095 dicta
1472 1064 1598 1097 duobus

260 1119 403 1162 ephoris,
429 1118 486 1161 qui
507 1128 595 1149 more
615 1118 771 1149 Laconico
790 1118 858 1160 regi
880 1117 1012 1149 aderant
1026 1117 1088 1160 (2),
1114 1124 1211 1160 atque
1234 1118 1268 1149 in
1289 1119 1453 1150 Pausaniae
1478 1120 1596 1162 magis,

260 1184 357 1215 quam
390 1171 545 1215 Lysandri
574 1172 764 1202 sententiam
798 1170 1005 1211 ferebantur3
1043 1171 1200 1213 imprimis
1229 1183 1304 1204 vero
1334 1172 1452 1204 horum
1482 1172 1596 1213 alteri,

259 1226 439 1266 Nauclidae‚
466 1231 613 1269 pergrata
632 1225 701 1256 haec
720 1219 824 1256 'ei-ant.
848 1224 1067 1263 Quamobrem
1085 1225 1219 1267 promtis
1237 1226 1351 1257 animis
1369 1226 1597 1258 Lacedaemona

262 1279 451 1322 ablegarunt
475 1279 647 1311 nonnullos
675 1290 715 1310 ex
741 1277 972 1318 Piraeensibus,
1009 1279 1066 1321 qui
1090 1285 1221 1321 pactum
1253 1291 1328 1310 cum
1351 1279 1599 1313 Lacedaemoniis

260 1333 442 1365 ineundum
471 1344 580 1364 secum
610 1332 787 1373 haberent,
818 1344 879 1364 nec
908 1344 974 1363 non
1007 1343 1047 1362 ex
1080 1332 1210 1364 urbanis
1240 1332 1532 1375 Cephisophontem
1565 1339 1598 1365 et

261 1387 430 1427 Melitum,
459 1388 544 1420 viros
566 1388 697 1430 privatae
723 1387 922 1418 conditionis.
959 1385 1087 1425 Quibus
1112 1386 1174 1417 iter
1200 1385 1264 1429 jam
1289 1386 1457 1429 ingressis,
1485 1386 1598 1418 eodem

261 1442 358 1473 etiam
380 1442 495 1473 misere
515 1441 644 1484 publico
665 1441 795 1473 nomine
817 1441 850 1471 X
870 1440 948 1479 viri,
974 1441 1030 1483 qui
1055 1440 1214 1480 dicerent,
1236 1451 1269 1471 se
1294 1451 1401 1471 muros
1420 1451 1493 1472 suos
1513 1446 1546 1471 et
1565 1451 1599 1472 se

262 1496 343 1538 ipsos
366 1495 683 1527 Lacedaemoniorum
709 1495 784 1527 dare
809 1494 953 1534 arbitrio,
979 1505 1109 1537 aequum
1136 1505 1212 1526 vero
1233 1494 1433 1533 existimare,
1462 1500 1516 1533 ut,
1542 1494 1600 1536 qui

262 1550 400 1581 Piraeum
421 1554 584 1588 tenerent,
610 1549 635 1580 si
660 1548 792 1591 quidem
812 1548 929 1579 amicos
954 1559 987 1578 se
1011 1547 1326 1579 Lacedaemoniorum
1352 1548 1597 1590 profiterentur,

264 1603 402 1634 Piraeum
426 1613 555 1646 quoque
581 1613 617 1633 ac
642 1601 850 1645 Munychiam
874 1600 1012 1632 tradant.
1053 1601 1143 1640 Quos
1172 1612 1282 1632 omnes
1305 1612 1379 1632 cum
1404 1600 1599 1633 audivissent

265 1655 385 1697 Ephori
409 1655 787 1698 Lacedaemoniorumque
807 1655 934 1694 concio,
952 1654 1093 1687 Athenas
1112 1654 1299 1697 quindecim
1321 1654 1479 1686 miserunt
1498 1654 1599 1694 viros,

267 1708 382 1751 quibus
401 1710 608 1749 mandarunt,
635 1716 673 1742 ut
697 1709 762 1741 una
783 1721 859 1740 cum
880 1708 1037 1740 Pausania
1061 1720 1158 1751 quam
1179 1714 1307 1751 possent
1329 1708 1508 1751 aequissime
1528 1718 1597 1740 rem

267 1768 503 1804 componerent.
526 1763 574 1795 Ab
590 1763 639 1795 his
657 1764 757 1807 igitur
773 1763 856 1795 facta
871 1769 918 1795 est
939 1763 1123 1806 compositio
1141 1762 1327 1807 hujusmodi
1345 1761 1597 1802 conditionibus,

267 1821 305 1847 ut
326 1826 437 1858 pacem
460 1816 596 1848 invicem
621 1818 779 1859 colerent,
805 1824 843 1850 ut
869 1817 988 1861 singuli
1015 1817 1055 1850 ad
1077 1828 1134 1849 sua
1162 1816 1320 1856 redirent,
1352 1822 1472 1859 praeter
1497 1816 1599 1848 XXX

267 1874 437 1912 tyrannos,
467 1880 577 1901 eorum
598 1871 756 1904 ministros
778 1873 1011 1917 impigerrimos
1035 1873 1083 1904 XI
1104 1872 1207 1911 viros,
1236 1877 1269 1902 et
1292 1870 1326 1902 X
1351 1871 1454 1911 viros,
1483 1871 1540 1913 qui
1564 1871 1598 1903 in

329 1973 367 2002 (1)
385 1972 496 2002 Xenopk.
512 1973 564 2002 §31
581 1986 593 1990 -
608 1974 646 2002 37.

327 2013 366 2042 (α)
381 2012 419 2036 Cf.
444 2013 554 2043 Xenoph.
573 2013 602 2035 de
618 2014 683 2043 Περ.
699 2014 792 2037 Laced.
812 2023 833 2038 c.
852 2015 932 2045 Xill,
950 2016 962 2046 §
979 2018 1001 2040 5.
