<?xml version="1.0" encoding="UTF-8"?>
<!DOCTYPE html PUBLIC "-//W3C//DTD XHTML 1.0 Transitional//EN"
    "http://www.w3.org/TR/xhtml1/DTD/xhtml1-transitional.dtd">
<html xmlns="http://www.w3.org/1999/xhtml" xml:lang="en" lang="en">
 <head>
  <title>
</title>
<meta http-equiv="Content-Type" content="text/html;charset=utf-8" />
  <meta name='ocr-system' content='tesseract 3.04.00' />
  <meta name='ocr-capabilities' content='ocr_page ocr_carea ocr_par ocr_line ocrx_word'/>
</head>
<body>
  <div class='ocr_page' id='page_1' title='image "annalesacademiae24gand_0087.png"; bbox 0 0 1820 2568; ppageno 0'>
   <div class='ocr_carea' id='block_1_1' title="bbox 764 217 884 260">
    <p class='ocr_par' dir='ltr' id='par_1_1' title="bbox 764 217 884 260">
     <span class='ocr_line' id='line_1_1' title="bbox 764 217 884 260; baseline 0 -1"><span class='ocrx_word' id='word_1_1' title='bbox 764 217 884 260; x_wconf 77' lang='lat'>(39)</span> 
     </span>
    </p>
   </div>
   <div class='ocr_carea' id='block_1_2' title="bbox 164 351 1490 367">
    <p class='ocr_par' dir='ltr' id='par_1_2' title="bbox 164 351 1490 367">
     <span class='ocr_line' id='line_1_2' title="bbox 164 351 1490 367; baseline 0.003 -4"><span class='ocrx_word' id='word_1_2' title='bbox 164 353 376 363; x_wconf 56' lang='lat' dir='ltr'>vovum-ms</span> <span class='ocrx_word' id='word_1_3' title='bbox 381 351 1490 367; x_wconf 53' lang='lat' dir='ltr'>mwmwmnmmwmwwsmmmmsmm</span> 
     </span>
    </p>
   </div>
   <div class='ocr_carea' id='block_1_3' title="bbox 546 461 1103 505">
    <p class='ocr_par' dir='ltr' id='par_1_3' title="bbox 546 461 1103 505">
     <span class='ocr_line' id='line_1_3' title="bbox 546 461 1103 505; baseline 0.005 -3"><span class='ocrx_word' id='word_1_4' title='bbox 546 461 772 504; x_wconf 83' lang='lat' dir='ltr'>SECTIO</span> <span class='ocrx_word' id='word_1_5' title='bbox 844 464 1103 505; x_wconf 88' lang='lat' dir='ltr'><strong>TERTIA.</strong></span> 
     </span>
    </p>
   </div>
   <div class='ocr_carea' id='block_1_4' title="bbox 183 568 1467 610">
    <p class='ocr_par' dir='ltr' id='par_1_4' title="bbox 183 568 1467 610">
     <span class='ocr_line' id='line_1_4' title="bbox 183 568 1467 610; baseline 0.002 -9"><span class='ocrx_word' id='word_1_6' title='bbox 183 570 240 602; x_wconf 89' lang='lat' dir='ltr'>AB</span> <span class='ocrx_word' id='word_1_7' title='bbox 273 568 464 601; x_wconf 90' lang='lat' dir='ltr'>ELECTIS</span> <span class='ocrx_word' id='word_1_8' title='bbox 497 569 530 600; x_wconf 92' lang='lat' dir='ltr'>X</span> <span class='ocrx_word' id='word_1_9' title='bbox 561 569 703 610; x_wconf 83' lang='lat' dir='ltr'><strong>VIRIS,</strong></span> <span class='ocrx_word' id='word_1_10' title='bbox 735 569 794 601; x_wconf 95' lang='lat' dir='ltr'>AD</span> <span class='ocrx_word' id='word_1_11' title='bbox 824 570 1127 604; x_wconf 88' lang='lat' dir='ltr'><strong>RESTITUTAM</strong></span> <span class='ocrx_word' id='word_1_12' title='bbox 1155 571 1467 604; x_wconf 85' lang='lat' dir='ltr'><strong>LIBERTATEM.</strong></span> 
     </span>
    </p>
   </div>
   <div class='ocr_carea' id='block_1_5' title="bbox 701 800 951 831">
    <p class='ocr_par' dir='ltr' id='par_1_5' title="bbox 701 800 951 831">
     <span class='ocr_line' id='line_1_5' title="bbox 701 800 951 831; baseline 0 0"><span class='ocrx_word' id='word_1_13' title='bbox 701 800 881 831; x_wconf 87' lang='lat' dir='ltr'><strong>CAPUT</strong></span> <span class='ocrx_word' id='word_1_14' title='bbox 926 802 951 831; x_wconf 94' lang='lat' dir='ltr'>I.</span> 
     </span>
    </p>
   </div>
   <div class='ocr_carea' id='block_1_6' title="bbox 162 907 1491 933">
    <p class='ocr_par' dir='ltr' id='par_1_6' title="bbox 162 907 1491 933">
     <span class='ocr_line' id='line_1_6' title="bbox 162 907 1491 933; baseline 0.003 -6"><span class='ocrx_word' id='word_1_15' title='bbox 162 907 262 927; x_wconf 83' lang='lat' dir='ltr'>RERUM</span> <span class='ocrx_word' id='word_1_16' title='bbox 285 907 395 927; x_wconf 79' lang='lat' dir='ltr'>STATUS</span> <span class='ocrx_word' id='word_1_17' title='bbox 419 908 449 927; x_wconf 87' lang='lat' dir='ltr'>IN</span> <span class='ocrx_word' id='word_1_18' title='bbox 472 908 547 928; x_wconf 85' lang='lat' dir='ltr'>URBE</span> <span class='ocrx_word' id='word_1_19' title='bbox 570 907 670 933; x_wconf 82' lang='lat' dir='ltr'><strong>ATQUE</strong></span> <span class='ocrx_word' id='word_1_20' title='bbox 692 909 723 928; x_wconf 87' lang='lat' dir='ltr'>IN</span> <span class='ocrx_word' id='word_1_21' title='bbox 746 908 854 929; x_wconf 79' lang='lat' dir='ltr'>PIRAEO.</span> <span class='ocrx_word' id='word_1_22' title='bbox 871 915 914 922; x_wconf 84' lang='lat'>--</span> <span class='ocrx_word' id='word_1_23' title='bbox 929 909 951 929; x_wconf 88' lang='lat' dir='ltr'>X</span> <span class='ocrx_word' id='word_1_24' title='bbox 966 909 1106 930; x_wconf 72' lang='lat' dir='ltr'>VIRORUM</span> <span class='ocrx_word' id='word_1_25' title='bbox 1129 909 1276 930; x_wconf 75' lang='lat' dir='ltr'><strong>CONSILIA.</strong></span> <span class='ocrx_word' id='word_1_26' title='bbox 1294 917 1338 923; x_wconf 90' lang='lat'>-·</span> <span class='ocrx_word' id='word_1_27' title='bbox 1353 909 1491 931; x_wconf 78' lang='lat' dir='ltr'>LACEDAE-</span> 
     </span>
    </p>
   </div>
   <div class='ocr_carea' id='block_1_7' title="bbox 205 970 1445 1001">
    <p class='ocr_par' dir='ltr' id='par_1_7' title="bbox 205 970 1445 1001">
     <span class='ocr_line' id='line_1_7' title="bbox 205 970 1445 1001; baseline 0.003 -11"><span class='ocrx_word' id='word_1_28' title='bbox 205 971 294 990; x_wconf 86' lang='grc' dir='ltr'><strong>ΜΟΝΙΙ</strong></span> <span class='ocrx_word' id='word_1_29' title='bbox 317 970 529 991; x_wconf 75' lang='lat' dir='ltr'>ADVOCANTUR.</span> <span class='ocrx_word' id='word_1_30' title='bbox 548 978 591 984; x_wconf 87' lang='lat'>--</span> <span class='ocrx_word' id='word_1_31' title='bbox 606 970 757 992; x_wconf 76' lang='lat' dir='ltr'><strong>LYSANDER</strong></span> <span class='ocrx_word' id='word_1_32' title='bbox 780 973 944 1001; x_wconf 71' lang='lat' dir='ltr'>MiTTlTUR,</span> <span class='ocrx_word' id='word_1_33' title='bbox 969 972 1067 993; x_wconf 84' lang='lat' dir='ltr'>PAULO</span> <span class='ocrx_word' id='word_1_34' title='bbox 1086 972 1161 993; x_wconf 83' lang='lat' dir='ltr'>POST</span> <span class='ocrx_word' id='word_1_35' title='bbox 1178 973 1257 994; x_wconf 75' lang='lat' dir='ltr'>mmc</span> <span class='ocrx_word' id='word_1_36' title='bbox 1275 973 1445 994; x_wconf 77' lang='lat' dir='ltr'>PAUSANIAS.</span> 
     </span>
    </p>
   </div>
   <div class='ocr_carea' id='block_1_8' title="bbox 155 1187 1490 1980">
    <p class='ocr_par' dir='ltr' id='par_1_8' title="bbox 155 1187 1490 1980">
     <span class='ocr_line' id='line_1_8' title="bbox 205 1187 1489 1232; baseline 0.008 -15"><span class='ocrx_word' id='word_1_37' title='bbox 205 1187 237 1217; x_wconf 94' lang='lat' dir='ltr'><strong>X</strong></span> <span class='ocrx_word' id='word_1_38' title='bbox 258 1187 319 1218; x_wconf 86' lang='lat' dir='ltr'>viri</span> <span class='ocrx_word' id='word_1_39' title='bbox 338 1197 443 1228; x_wconf 89' lang='lat' dir='ltr'>spem,</span> <span class='ocrx_word' id='word_1_40' title='bbox 464 1198 562 1230; x_wconf 88' lang='lat' dir='ltr'>quam</span> <span class='ocrx_word' id='word_1_41' title='bbox 578 1187 611 1217; x_wconf 90' lang='lat' dir='ltr'>in</span> <span class='ocrx_word' id='word_1_42' title='bbox 630 1187 705 1230; x_wconf 83' lang='lat' dir='ltr'>ipsis</span> <span class='ocrx_word' id='word_1_43' title='bbox 723 1187 955 1220; x_wconf 78' lang='lat' dir='ltr'>collocaverant</span> <span class='ocrx_word' id='word_1_44' title='bbox 974 1188 1201 1231; x_wconf 83' lang='lat' dir='ltr'><strong>Athenienses,</strong></span> <span class='ocrx_word' id='word_1_45' title='bbox 1230 1192 1317 1232; x_wconf 86' lang='lat' dir='ltr'>fore,</span> <span class='ocrx_word' id='word_1_46' title='bbox 1343 1199 1380 1224; x_wconf 88' lang='lat' dir='ltr'>ut</span> <span class='ocrx_word' id='word_1_47' title='bbox 1399 1193 1489 1227; x_wconf 90' lang='lat' dir='ltr'>brevi</span> 
     </span>
     <span class='ocr_line' id='line_1_9' title="bbox 159 1240 1490 1288; baseline 0.005 -15"><span class='ocrx_word' id='word_1_48' title='bbox 159 1240 282 1273; x_wconf 82' lang='lat' dir='ltr'>exsules</span> <span class='ocrx_word' id='word_1_49' title='bbox 300 1252 375 1272; x_wconf 82' lang='lat' dir='ltr'>cun]</span> <span class='ocrx_word' id='word_1_50' title='bbox 396 1240 519 1273; x_wconf 87' lang='lat' dir='ltr'>civibus</span> <span class='ocrx_word' id='word_1_51' title='bbox 534 1241 833 1281; x_wconf 84' lang='lat' dir='ltr'>reconciliarentur,</span> <span class='ocrx_word' id='word_1_52' title='bbox 861 1241 925 1285; x_wconf 82' lang='lat' dir='ltr'>jam</span> <span class='ocrx_word' id='word_1_53' title='bbox 948 1242 1023 1274; x_wconf 90' lang='lat' dir='ltr'>inde</span> <span class='ocrx_word' id='word_1_54' title='bbox 1044 1243 1083 1274; x_wconf 86' lang='lat' dir='ltr'>ab</span> <span class='ocrx_word' id='word_1_55' title='bbox 1103 1244 1194 1275; x_wconf 90' lang='lat' dir='ltr'>initio</span> <span class='ocrx_word' id='word_1_56' title='bbox 1220 1245 1408 1279; x_wconf 86' lang='lat' dir='ltr'>fefellerunt</span> <span class='ocrx_word' id='word_1_57' title='bbox 1421 1273 1429 1288; x_wconf 96' lang='lat'>,</span> <span class='ocrx_word' id='word_1_58' title='bbox 1457 1256 1490 1280; x_wconf 86' lang='lat' dir='ltr'>et</span> 
     </span>
     <span class='ocr_line' id='line_1_10' title="bbox 159 1294 1489 1337; baseline 0.006 -12"><span class='ocrx_word' id='word_1_59' title='bbox 159 1295 244 1326; x_wconf 85' lang='lat' dir='ltr'>viam</span> <span class='ocrx_word' id='word_1_60' title='bbox 261 1294 407 1334; x_wconf 77' lang='lat' dir='ltr'>consilio,</span> <span class='ocrx_word' id='word_1_61' title='bbox 428 1306 493 1337; x_wconf 88' lang='lat' dir='ltr'>quo</span> <span class='ocrx_word' id='word_1_62' title='bbox 512 1295 609 1326; x_wconf 83' lang='lat' dir='ltr'>creati</span> <span class='ocrx_word' id='word_1_63' title='bbox 627 1301 732 1335; x_wconf 85' lang='lat' dir='ltr'>erant,</span> <span class='ocrx_word' id='word_1_64' title='bbox 752 1306 880 1337; x_wconf 86' lang='lat' dir='ltr'>prorsus</span> <span class='ocrx_word' id='word_1_65' title='bbox 896 1296 1086 1327; x_wconf 85' lang='lat' dir='ltr'>contrariam</span> <span class='ocrx_word' id='word_1_66' title='bbox 1101 1297 1277 1329; x_wconf 77' lang='lat' dir='ltr'>iniverunt.</span> <span class='ocrx_word' id='word_1_67' title='bbox 1296 1299 1385 1331; x_wconf 86' lang='lat' dir='ltr'>Nihil</span> <span class='ocrx_word' id='word_1_68' title='bbox 1402 1302 1489 1333; x_wconf 86' lang='lat' dir='ltr'>enim</span> 
     </span>
     <span class='ocr_line' id='line_1_11' title="bbox 159 1347 1489 1393; baseline 0.006 -15"><span class='ocrx_word' id='word_1_69' title='bbox 159 1347 306 1391; x_wconf 84' lang='lat' dir='ltr'>exemplo</span> <span class='ocrx_word' id='word_1_70' title='bbox 334 1348 447 1390; x_wconf 84' lang='lat' dir='ltr'>prioris</span> <span class='ocrx_word' id='word_1_71' title='bbox 475 1348 697 1380; x_wconf 83' lang='lat' dir='ltr'>dominationis</span> <span class='ocrx_word' id='word_1_72' title='bbox 722 1349 842 1388; x_wconf 86' lang='lat' dir='ltr'>territi,</span> <span class='ocrx_word' id='word_1_73' title='bbox 871 1350 941 1392; x_wconf 83' lang='lat' dir='ltr'>pari</span> <span class='ocrx_word' id='word_1_74' title='bbox 968 1349 1164 1381; x_wconf 81' lang='lat' dir='ltr'>crudelitatis</span> <span class='ocrx_word' id='word_1_75' title='bbox 1188 1362 1276 1383; x_wconf 86' lang='lat' dir='ltr'>more</span> <span class='ocrx_word' id='word_1_76' title='bbox 1301 1354 1370 1393; x_wconf 86' lang='lat' dir='ltr'>uti,</span> <span class='ocrx_word' id='word_1_77' title='bbox 1399 1361 1431 1385; x_wconf 88' lang='lat' dir='ltr'>et</span> <span class='ocrx_word' id='word_1_78' title='bbox 1454 1356 1489 1386; x_wconf 85' lang='lat' dir='ltr'>in</span> 
     </span>
     <span class='ocr_line' id='line_1_12' title="bbox 156 1400 1488 1445; baseline 0.008 -14"><span class='ocrx_word' id='word_1_79' title='bbox 156 1400 241 1432; x_wconf 89' lang='lat' dir='ltr'>bello</span> <span class='ocrx_word' id='word_1_80' title='bbox 265 1412 340 1432; x_wconf 88' lang='lat' dir='ltr'>cum</span> <span class='ocrx_word' id='word_1_81' title='bbox 361 1401 572 1433; x_wconf 84' lang='lat' dir='ltr'>Piraeensibus</span> <span class='ocrx_word' id='word_1_82' title='bbox 589 1402 725 1445; x_wconf 85' lang='lat' dir='ltr'>amplius</span> <span class='ocrx_word' id='word_1_83' title='bbox 745 1414 947 1445; x_wconf 85' lang='lat' dir='ltr'>perseverare</span> <span class='ocrx_word' id='word_1_84' title='bbox 968 1415 1033 1435; x_wconf 88' lang='lat' dir='ltr'>non</span> <span class='ocrx_word' id='word_1_85' title='bbox 1052 1404 1291 1438; x_wconf 77' lang='lat' dir='ltr'>dubitaverunt.</span> <span class='ocrx_word' id='word_1_86' title='bbox 1315 1407 1397 1439; x_wconf 90' lang='lat' dir='ltr'>Cum</span> <span class='ocrx_word' id='word_1_87' title='bbox 1412 1420 1488 1441; x_wconf 87' lang='lat' dir='ltr'>vero</span> 
     </span>
     <span class='ocr_line' id='line_1_13' title="bbox 159 1455 1489 1504; baseline 0.007 -19"><span class='ocrx_word' id='word_1_88' title='bbox 159 1465 197 1485; x_wconf 90' lang='lat' dir='ltr'>eo</span> <span class='ocrx_word' id='word_1_89' title='bbox 208 1460 351 1497; x_wconf 86' lang='lat' dir='ltr'>tempore</span> <span class='ocrx_word' id='word_1_90' title='bbox 368 1466 494 1495; x_wconf 89' lang='lat' dir='ltr'>omnes,</span> <span class='ocrx_word' id='word_1_91' title='bbox 512 1456 569 1498; x_wconf 90' lang='lat' dir='ltr'>qui</span> <span class='ocrx_word' id='word_1_92' title='bbox 584 1456 618 1487; x_wconf 92' lang='lat' dir='ltr'>in</span> <span class='ocrx_word' id='word_1_93' title='bbox 633 1455 713 1487; x_wconf 85' lang='lat' dir='ltr'>urbe</span> <span class='ocrx_word' id='word_1_94' title='bbox 724 1462 830 1496; x_wconf 80' lang='lat' dir='ltr'>erant,</span> <span class='ocrx_word' id='word_1_95' title='bbox 851 1457 945 1490; x_wconf 87' lang='lat' dir='ltr'>valde</span> <span class='ocrx_word' id='word_1_96' title='bbox 960 1457 1139 1500; x_wconf 81' lang='lat' dir='ltr'>perturbati</span> <span class='ocrx_word' id='word_1_97' title='bbox 1155 1465 1273 1500; x_wconf 86' lang='lat' dir='ltr'>essent,</span> <span class='ocrx_word' id='word_1_98' title='bbox 1291 1467 1388 1504; x_wconf 82' lang='lat' dir='ltr'>atque</span> <span class='ocrx_word' id='word_1_99' title='bbox 1403 1463 1489 1494; x_wconf 84' lang='lat' dir='ltr'>inter</span> 
     </span>
     <span class='ocr_line' id='line_1_14' title="bbox 160 1506 1487 1557; baseline 0.008 -20"><span class='ocrx_word' id='word_1_100' title='bbox 160 1517 193 1537; x_wconf 87' lang='lat' dir='ltr'>se</span> <span class='ocrx_word' id='word_1_101' title='bbox 212 1506 449 1550; x_wconf 79' lang='lat' dir='ltr'>discreparent,</span> <span class='ocrx_word' id='word_1_102' title='bbox 479 1520 554 1540; x_wconf 90' lang='lat' dir='ltr'>cum</span> <span class='ocrx_word' id='word_1_103' title='bbox 573 1509 732 1552; x_wconf 77' lang='lat' dir='ltr'>praefectis</span> <span class='ocrx_word' id='word_1_104' title='bbox 753 1510 900 1553; x_wconf 89' lang='lat' dir='ltr'>equitum</span> <span class='ocrx_word' id='word_1_105' title='bbox 922 1522 972 1542; x_wconf 86' lang='lat' dir='ltr'>res</span> <span class='ocrx_word' id='word_1_106' title='bbox 996 1511 1216 1545; x_wconf 85' lang='lat' dir='ltr'>administrare</span> <span class='ocrx_word' id='word_1_107' title='bbox 1241 1516 1378 1557; x_wconf 84' lang='lat' dir='ltr'>aggressi</span> <span class='ocrx_word' id='word_1_108' title='bbox 1400 1522 1487 1547; x_wconf 82' lang='lat' dir='ltr'>sunt.</span> 
     </span>
     <span class='ocr_line' id='line_1_15' title="bbox 158 1558 1489 1609; baseline 0.008 -19"><span class='ocrx_word' id='word_1_109' title='bbox 158 1558 291 1601; x_wconf 83' lang='lat' dir='ltr'>Equites</span> <span class='ocrx_word' id='word_1_110' title='bbox 314 1561 375 1603; x_wconf 88' lang='lat' dir='ltr'>ipsi</span> <span class='ocrx_word' id='word_1_111' title='bbox 399 1573 474 1593; x_wconf 88' lang='lat' dir='ltr'>cum</span> <span class='ocrx_word' id='word_1_112' title='bbox 499 1562 589 1605; x_wconf 87' lang='lat' dir='ltr'>equis</span> <span class='ocrx_word' id='word_1_113' title='bbox 609 1574 646 1593; x_wconf 92' lang='lat' dir='ltr'>ac</span> <span class='ocrx_word' id='word_1_114' title='bbox 664 1564 760 1594; x_wconf 82' lang='lat' dir='ltr'>scutis</span> <span class='ocrx_word' id='word_1_115' title='bbox 781 1564 815 1593; x_wconf 89' lang='lat' dir='ltr'>in</span> <span class='ocrx_word' id='word_1_116' title='bbox 838 1563 927 1594; x_wconf 88' lang='lat' dir='ltr'>Odeo</span> <span class='ocrx_word' id='word_1_117' title='bbox 952 1564 1169 1606; x_wconf 78' lang='lat' dir='ltr'>excubabant,</span> <span class='ocrx_word' id='word_1_118' title='bbox 1194 1573 1226 1598; x_wconf 88' lang='lat' dir='ltr'>et</span> <span class='ocrx_word' id='word_1_119' title='bbox 1250 1568 1324 1609; x_wconf 84' lang='lat' dir='ltr'>quia</span> <span class='ocrx_word' id='word_1_120' title='bbox 1347 1568 1489 1600; x_wconf 79' lang='lat' dir='ltr'>fidebant</span> 
     </span>
     <span class='ocr_line' id='line_1_16' title="bbox 158 1612 1487 1664; baseline 0.009 -23"><span class='ocrx_word' id='word_1_121' title='bbox 158 1612 300 1651; x_wconf 80' lang='lat' dir='ltr'>nemini,</span> <span class='ocrx_word' id='word_1_122' title='bbox 331 1624 348 1643; x_wconf 87' lang='lat' dir='ltr'>a</span> <span class='ocrx_word' id='word_1_123' title='bbox 373 1614 504 1656; x_wconf 56' lang='lat' dir='ltr'>vesper&amp;</span> <span class='ocrx_word' id='word_1_124' title='bbox 529 1615 659 1657; x_wconf 89' lang='lat' dir='ltr'>quidem</span> <span class='ocrx_word' id='word_1_125' title='bbox 684 1627 759 1646; x_wconf 90' lang='lat' dir='ltr'>cum</span> <span class='ocrx_word' id='word_1_126' title='bbox 781 1617 879 1647; x_wconf 84' lang='lat' dir='ltr'>scutis</span> <span class='ocrx_word' id='word_1_127' title='bbox 903 1617 987 1648; x_wconf 87' lang='lat' dir='ltr'>circa</span> <span class='ocrx_word' id='word_1_128' title='bbox 1010 1629 1121 1650; x_wconf 89' lang='lat' dir='ltr'>muros</span> <span class='ocrx_word' id='word_1_129' title='bbox 1145 1620 1267 1662; x_wconf 86' lang='lat' dir='ltr'>vigilias</span> <span class='ocrx_word' id='word_1_130' title='bbox 1290 1621 1442 1664; x_wconf 82' lang='lat' dir='ltr'>agebant,</span> <span class='ocrx_word' id='word_1_131' title='bbox 1469 1635 1487 1653; x_wconf 88' lang='lat' dir='ltr'>a</span> 
     </span>
     <span class='ocr_line' id='line_1_17' title="bbox 157 1664 1486 1717; baseline 0.008 -22"><span class='ocrx_word' id='word_1_132' title='bbox 157 1664 261 1705; x_wconf 64' lang='lat' dir='ltr'>prima</span> <span class='ocrx_word' id='word_1_133' title='bbox 281 1676 357 1697; x_wconf 84' lang='lat' dir='ltr'>vero</span> <span class='ocrx_word' id='word_1_134' title='bbox 377 1666 450 1697; x_wconf 90' lang='lat' dir='ltr'>luce</span> <span class='ocrx_word' id='word_1_135' title='bbox 470 1678 544 1698; x_wconf 89' lang='lat' dir='ltr'>cum</span> <span class='ocrx_word' id='word_1_136' title='bbox 562 1668 667 1710; x_wconf 86' lang='lat' dir='ltr'>equis,</span> <span class='ocrx_word' id='word_1_137' title='bbox 686 1679 811 1711; x_wconf 85' lang='lat' dir='ltr'>semper</span> <span class='ocrx_word' id='word_1_138' title='bbox 825 1675 1021 1710; x_wconf 86' lang='lat' dir='ltr'>metuentes,</span> <span class='ocrx_word' id='word_1_139' title='bbox 1043 1682 1086 1702; x_wconf 88' lang='lat' dir='ltr'>ne</span> <span class='ocrx_word' id='word_1_140' title='bbox 1105 1673 1161 1715; x_wconf 86' lang='lat' dir='ltr'>qui</span> <span class='ocrx_word' id='word_1_141' title='bbox 1179 1683 1218 1704; x_wconf 80' lang='lat' dir='ltr'>ex</span> <span class='ocrx_word' id='word_1_142' title='bbox 1237 1674 1337 1705; x_wconf 89' lang='lat' dir='ltr'>Piraeo</span> <span class='ocrx_word' id='word_1_143' title='bbox 1352 1675 1386 1704; x_wconf 92' lang='lat' dir='ltr'>in</span> <span class='ocrx_word' id='word_1_144' title='bbox 1404 1676 1486 1717; x_wconf 88' lang='lat' dir='ltr'>ipsos</span> 
     </span>
     <span class='ocr_line' id='line_1_18' title="bbox 157 1717 1486 1771; baseline 0.011 -24"><span class='ocrx_word' id='word_1_145' title='bbox 157 1717 316 1758; x_wconf 88' lang='lat' dir='ltr'>impetum</span> <span class='ocrx_word' id='word_1_146' title='bbox 339 1718 482 1750; x_wconf 84' lang='lat' dir='ltr'>facerent</span> <span class='ocrx_word' id='word_1_147' title='bbox 496 1720 554 1762; x_wconf 86' lang='lat'>(1).</span> <span class='ocrx_word' id='word_1_148' title='bbox 578 1720 712 1752; x_wconf 76' lang='lat' dir='ltr'>Exsules</span> <span class='ocrx_word' id='word_1_149' title='bbox 731 1729 856 1763; x_wconf 86' lang='lat' dir='ltr'>contra,</span> <span class='ocrx_word' id='word_1_150' title='bbox 880 1724 937 1766; x_wconf 89' lang='lat' dir='ltr'>qui</span> <span class='ocrx_word' id='word_1_151' title='bbox 953 1736 1069 1768; x_wconf 82' lang='lat' dir='ltr'>magno</span> <span class='ocrx_word' id='word_1_152' title='bbox 1089 1738 1225 1758; x_wconf 85' lang='lat' dir='ltr'>numero</span> <span class='ocrx_word' id='word_1_153' title='bbox 1245 1728 1389 1771; x_wconf 85' lang='lat' dir='ltr'>undique</span> <span class='ocrx_word' id='word_1_154' title='bbox 1407 1741 1486 1760; x_wconf 88' lang='lat' dir='ltr'>con—</span> 
     </span>
     <span class='ocr_line' id='line_1_19' title="bbox 157 1769 1485 1824; baseline 0.011 -24"><span class='ocrx_word' id='word_1_155' title='bbox 157 1769 333 1810; x_wconf 78' lang='lat' dir='ltr'>fluxerant,</span> <span class='ocrx_word' id='word_1_156' title='bbox 360 1779 448 1804; x_wconf 85' lang='lat' dir='ltr'>scuta</span> <span class='ocrx_word' id='word_1_157' title='bbox 473 1773 701 1815; x_wconf 79' lang='lat' dir='ltr'>conficiebant,</span> <span class='ocrx_word' id='word_1_158' title='bbox 728 1776 782 1807; x_wconf 80' lang='lat' dir='ltr'>alii</span> <span class='ocrx_word' id='word_1_159' title='bbox 803 1788 843 1808; x_wconf 82' lang='lat' dir='ltr'>ex</span> <span class='ocrx_word' id='word_1_160' title='bbox 862 1777 964 1820; x_wconf 85' lang='lat' dir='ltr'>ligno,</span> <span class='ocrx_word' id='word_1_161' title='bbox 990 1778 1044 1809; x_wconf 82' lang='lat' dir='ltr'>alii</span> <span class='ocrx_word' id='word_1_162' title='bbox 1065 1790 1083 1810; x_wconf 91' lang='lat' dir='ltr'>e</span> <span class='ocrx_word' id='word_1_163' title='bbox 1106 1780 1244 1821; x_wconf 83' lang='lat' dir='ltr'>vimine,</span> <span class='ocrx_word' id='word_1_164' title='bbox 1270 1793 1372 1824; x_wconf 84' lang='lat' dir='ltr'>eaque</span> <span class='ocrx_word' id='word_1_165' title='bbox 1395 1782 1485 1814; x_wconf 87' lang='lat' dir='ltr'>deal-</span> 
     </span>
     <span class='ocr_line' id='line_1_20' title="bbox 155 1821 1485 1876; baseline 0.011 -23"><span class='ocrx_word' id='word_1_166' title='bbox 155 1821 291 1863; x_wconf 79' lang='lat' dir='ltr'>habant,</span> <span class='ocrx_word' id='word_1_167' title='bbox 311 1829 343 1854; x_wconf 90' lang='lat' dir='ltr'>et</span> <span class='ocrx_word' id='word_1_168' title='bbox 361 1826 549 1868; x_wconf 83' lang='lat' dir='ltr'>priusquam</span> <span class='ocrx_word' id='word_1_169' title='bbox 566 1826 676 1858; x_wconf 86' lang='lat' dir='ltr'>decem</span> <span class='ocrx_word' id='word_1_170' title='bbox 698 1828 764 1860; x_wconf 88' lang='lat' dir='ltr'>dies</span> <span class='ocrx_word' id='word_1_171' title='bbox 781 1831 1021 1872; x_wconf 81' lang='lat' dir='ltr'>praeteriissent,</span> <span class='ocrx_word' id='word_1_172' title='bbox 1041 1832 1102 1864; x_wconf 86' lang='lat' dir='ltr'>fide</span> <span class='ocrx_word' id='word_1_173' title='bbox 1120 1833 1249 1876; x_wconf 59' lang='lat' dir='ltr'>publiea</span> <span class='ocrx_word' id='word_1_174' title='bbox 1268 1835 1339 1866; x_wconf 55' lang='lat' dir='ltr'>dat&amp;</span> <span class='ocrx_word' id='word_1_175' title='bbox 1357 1835 1485 1868; x_wconf 86' lang='lat' dir='ltr'>denun—</span> 
     </span>
     <span class='ocr_line' id='line_1_21' title="bbox 157 1875 1483 1932; baseline 0.011 -27"><span class='ocrx_word' id='word_1_176' title='bbox 157 1875 303 1916; x_wconf 62' lang='lat' dir='ltr'>ciarunt,</span> <span class='ocrx_word' id='word_1_177' title='bbox 341 1878 366 1907; x_wconf 90' lang='lat' dir='ltr'>si</span> <span class='ocrx_word' id='word_1_178' title='bbox 392 1879 505 1925; x_wconf 82' lang='lat' dir='ltr'>quiin</span> <span class='ocrx_word' id='word_1_179' title='bbox 534 1879 610 1911; x_wconf 90' lang='lat' dir='ltr'>belli</span> <span class='ocrx_word' id='word_1_180' title='bbox 635 1882 817 1914; x_wconf 86' lang='lat' dir='ltr'>societatem</span> <span class='ocrx_word' id='word_1_181' title='bbox 847 1886 958 1916; x_wconf 84' lang='lat' dir='ltr'>venire</span> <span class='ocrx_word' id='word_1_182' title='bbox 988 1884 1130 1925; x_wconf 85' lang='lat' dir='ltr'>vellent,</span> <span class='ocrx_word' id='word_1_183' title='bbox 1167 1887 1289 1918; x_wconf 78' lang='lat' dir='ltr'>etiamsi</span> <span class='ocrx_word' id='word_1_184' title='bbox 1321 1890 1483 1932; x_wconf 85' lang='lat' dir='ltr'>peregrini</span> 
     </span>
     <span class='ocr_line' id='line_1_22' title="bbox 157 1933 1483 1980; baseline 0.01 -21"><span class='ocrx_word' id='word_1_185' title='bbox 157 1934 276 1969; x_wconf 87' lang='lat' dir='ltr'>essent,</span> <span class='ocrx_word' id='word_1_186' title='bbox 298 1940 390 1972; x_wconf 81' lang='lat' dir='ltr'>aequo</span> <span class='ocrx_word' id='word_1_187' title='bbox 410 1936 519 1964; x_wconf 83' lang='lat' dir='ltr'>tamen</span> <span class='ocrx_word' id='word_1_188' title='bbox 537 1933 609 1977; x_wconf 85' lang='lat' dir='ltr'>jure</span> <span class='ocrx_word' id='word_1_189' title='bbox 627 1945 702 1966; x_wconf 89' lang='lat' dir='ltr'>cum</span> <span class='ocrx_word' id='word_1_190' title='bbox 717 1936 792 1979; x_wconf 90' lang='lat' dir='ltr'>ipsis</span> <span class='ocrx_word' id='word_1_191' title='bbox 812 1937 935 1969; x_wconf 86' lang='lat' dir='ltr'>civibus</span> <span class='ocrx_word' id='word_1_192' title='bbox 949 1938 983 1969; x_wconf 85' lang='lat' dir='ltr'>in</span> <span class='ocrx_word' id='word_1_193' title='bbox 1001 1938 1176 1980; x_wconf 85' lang='lat' dir='ltr'>pendendis</span> <span class='ocrx_word' id='word_1_194' title='bbox 1197 1941 1324 1973; x_wconf 83' lang='lat' dir='ltr'>tributis</span> <span class='ocrx_word' id='word_1_195' title='bbox 1343 1943 1483 1974; x_wconf 82' lang='lat' dir='ltr'>futuros-</span> 
     </span>
    </p>
   </div>
   <div class='ocr_carea' id='block_1_9' title="bbox 157 2002 1471 2073">
    <p class='ocr_par' dir='ltr' id='par_1_9' title="bbox 157 2002 1471 2073">
     <span class='ocr_line' id='line_1_23' title="bbox 157 2002 1471 2024; baseline 0.003 -16"><span class='ocrx_word' id='word_1_196' title='bbox 157 2002 1471 2024; x_wconf 53' lang='grc' dir='ltr'>Ἢ</span> 
     </span>
     <span class='ocr_line' id='line_1_24' title="bbox 217 2029 843 2073; baseline 0.008 -9"><span class='ocrx_word' id='word_1_197' title='bbox 217 2042 249 2072; x_wconf 82' lang='lat'>(1)</span> <span class='ocrx_word' id='word_1_198' title='bbox 267 2042 377 2072; x_wconf 71' lang='lat' dir='ltr'>Xenoph.</span> <span class='ocrx_word' id='word_1_199' title='bbox 396 2044 408 2073; x_wconf 60' lang='grc' dir='ltr'>ᾗ</span> <span class='ocrx_word' id='word_1_200' title='bbox 426 2044 467 2067; x_wconf 64' lang='lat'>24„</span> <span class='ocrx_word' id='word_1_201' title='bbox 839 2029 843 2033; x_wconf 87' lang='lat'><em>-</em></span> 
     </span>
    </p>
   </div>
  </div>
 </body>
</html>
