1820 2568
930 234 945 276 (
969 233 1009 266 5²
1032 234 1048 277 )

354 314 400 343 Ita
424 310 632 342 Athenienses
652 308 816 351 antiquam
837 306 967 350 quidem
993 305 1176 349 reipublicae
1202 306 1355 346 sormam,
1381 318 1397 337 a
1422 306 1535 340 Solone
1556 319 1634 340 con—

311 356 472 405 sititutam,
500 362 718 395 instaurarunt
745 367 778 392 et
807 360 846 392 ad
877 365 1064 404 praesentem
1093 370 1202 391 rerum
1232 359 1445 391 conditionem
1477 361 1632 403 aptiorem

309 418 537 457 reddiderunt,
562 422 594 447 at
612 426 688 449 vero
707 414 852 446 eamdem
872 419 1029 453 mentem,
1055 423 1127 455 quae
1148 412 1234 456 apud
1252 412 1385 456 majores
1410 413 1544 444 civitatis
1565 415 1635 457 agi-

308 477 429 504 taverat
453 470 585 509 molem,
611 479 759 500 revocare
785 467 1034 510 haudquaquam
1057 472 1233 508 potuerunt
1249 466 1314 508 (1):
1341 477 1404 508 quo
1434 467 1530 498 etiam
1560 467 1630 498 fae-

311 532 398 564 tum,
429 530 468 555 ut
491 534 658 566 nunquam
687 522 850 565 pristinam
879 532 948 551 eam
981 520 1065 551 inter
1096 519 1221 550 Graeeos
1250 529 1441 561 recuperare
1469 521 1634 562 potuerint

311 578 531 609 auctoritatem
565 587 600 607 ac
626 581 833 618 potestatem,
859 573 920 616 qu&
949 572 1025 604 olim
1050 572 1196 612 fuerant3
1223 571 1277 603 sed
1305 571 1344 603 ab
1370 572 1431 602 illis
1457 574 1632 614 praesertim

312 630 508 674 temporibus
538 629 617 661 alius
647 629 771 671 imperii
798 627 1006 667 fundamenta
1031 625 1193 670 jecerunt,
1225 624 1329 669 quod,
1361 625 1632 668 quemadmodum

311 684 532 727 magnitudine
554 683 686 715 minime
704 682 789 713 cedit
812 681 877 721 illi,
903 680 988 724 quod
1010 680 1094 712 hello
1113 679 1303 722 acquiritur,
1330 679 1374 710 ita
1387 702 1395 718 ,
1417 678 1456 709 ad
1477 680 1630 721 perenni-

311 744 407 769 tatem
428 737 513 780 quod
533 737 660 775 attinet,
685 735 787 766 multo
809 741 856 766 est
879 735 1000 765 firmius
1025 745 1061 764 ac
1080 731 1232 763 stabilius.
1262 731 1330 762 Hoc
1350 732 1436 762 enim
1454 732 1630 763 etiamnum

310 797 460 834 regnant,
485 796 580 832 atque
603 790 636 819 in
659 794 820 830 posterum
839 787 1002 828 regnaturi
1022 791 1113 823 sunt,
1133 784 1233 814 donec
1253 784 1328 815 boni
1348 784 1540 827 pulchrique
1557 796 1631 816 sen-

309 855 380 875 sum
404 854 468 874 non
490 842 652 873 amiserint
674 838 836 870 homines!

868 1020 1057 1052 TANTUM.

309 1527 454 1558 γράμμασι,
468 1525 502 1561 ad
520 1533 591 1556 quem
608 1526 659 1549 vid.
681 1526 767 1549 Vale-s·-
783 1525 809 1548 in
823 1526 881 1549 Not.
900 1527 1011 1553 Mauss.‚
1026 1531 1052 1554 p.
1071 1523 1112 1546 116
1126 1523 1191 1553 (vol.
1209 1525 1246 1552 11,
1258 1531 1283 1554 p.
1296 1523 1356 1552 444,
1373 1523 1411 1546 ed.
1427 1523 1493 1553 Lips.
1506 1532 1527 1547 a.
1542 1526 1624 1555 1824);

309 1568 398 1590 Suidas
417 1566 443 1589 in
461 1565 582 1596 Σαμίωνὸ
606 1563 693 1595 δῆμος,
710 1565 766 1594 alii,
787 1572 846 1595 quos
862 1570 983 1588 recensent
999 1565 1137 1590 Μουκίας,
1157 1565 1187 1586 de
1199 1564 1305 1593 [bruma
1320 1562 1426 1591 Athen„
1443 1567 1488 1585 etc.
1507 1563 1533 1586 in
1554 1564 1625 1587 Thes.

310 1607 368 1630 Ant.
391 1606 480 1633 Grom,
501 1609 518 1627 ῑ.
535 1604 567 1633 V,
585 1611 609 1634 p.
627 1604 696 1633 1724,
718 1608 741 1626 et
763 1604 855 1634 Taylor
869 1604 895 1627 in
917 1605 950 1627 V.
967 1604 998 1626 L.
1015 1611 1039 1633 p.
1053 1603 1079 1625 51
1097 1611 1146 1633 seq.
1162 1607 1186 1626 et
1201 1603 1238 1626 54.

370 1644 402 1675 (1)
418 1644 455 1667 Cf.
472 1644 622 1670 Hem-enias,
641 1643 673 1667 V.
691 1643 727 1666 Cl.
749 1643 888 1667 Haudboel·
906 1644 950 1666 der
970 1642 1097 1666 Gesclcied.
1113 1643 1157 1665 der
1170 1643 1232 1666 aude
1247 1643 1346 1670 Staten,
1368 1649 1418 1665 enz.
1436 1650 1460 1672 p.
1479 1651 1531 1673 2¹9·
