1820 2568
868 177 884 219 (
911 175 948 208 ¹6
969 175 986 218 )

579 251 784 286 JUDICIUM
828 246 1275 281 JURISCONSULTORUM.

313 324 360 357 Ad
385 321 601 362 Quaestionem
624 318 664 349 ab
687 316 809 348 Ordine
834 313 1140 346 Jurisconsultorum
1163 310 1376 354 propositam,
1402 316 1466 342 tres
1485 310 1596 344 oblatae

270 384 344 411 sunt
364 375 579 419 responsiones
603 381 740 414 quarum
764 369 865 412 prima
896 367 956 397 hoo
977 365 1051 398 tulit
1072 365 1206 397 lemma:
1236 365 1364 395 Nullas
1395 375 1597 407 quemquam

270 438 347 464 ante
360 431 495 474 justum
511 426 683 470 judic-iam
704 423 856 458 damnet,
887 426 948 451 etc.
966 419 1095 463 capitul
1116 418 1219 450 Caroli
1237 418 1359 461 Magni,
1380 417 1401 448 l.
1424 420 1453 452 7.
1475 430 1501 449 c.
1520 420 1595 451 186,

314 483 497 516 Secundum
526 480 593 511 liaec
618 477 730 509 habuit
754 473 999 516 Montesquievii
1020 472 1136 505 verba:
1167 473 1233 503 Les
1256 472 1513 503 connaissanees
1532 485 1598 515 que

271 540 337 570 l'on
356 550 377 568 a
398 535 554 578 acquises
576 533 660 563 dans
685 530 846 573 quelques
868 539 958 569 pays
983 532 1017 557 et
1031 525 1134 568 qu'on
1153 537 1317 568 acquerra
1341 526 1426 557 dans
1449 526 1597 558 d'autres

271 604 329 624 sar
350 592 397 623 les
424 590 530 633 regles
552 588 600 618 les
622 586 702 627 plns
727 585 819 614 szZres
841 592 906 623 que
923 579 989 611 l’on
1004 580 1124 621 puisse
1144 580 1231 610 tenir
1251 579 1335 610 alans
1357 580 1404 610 les
1416 579 1597 623 jugemens

271 646 457 681 cdminels,
488 644 682 673 interessent
708 639 738 668 le
757 647 857 679 genre
883 634 1039 670 lztcmain,
1057 633 1140 675 plus
1169 644 1235 675 que
1256 639 1344 664 toute
1366 639 1461 665 autre
1488 635 1595 666 chose.

273 700 509 742 Montesquiffli,
533 696 587 727 lib.
609 695 662 725 Ill.
684 704 712 723 c.
734 693 764 722 2.

315 755 420 786 Tertia
441 753 499 783 hac
515 750 578 781 fuit
597 746 802 788 inscriptione
825 742 1012 784 conspicua:
1042 739 1143 770 Nihil
1157 740 1229 769 sine
1255 750 1378 781 magno
1396 740 1468 771 vita
1487 741 1599 772 labore

272 809 364 840 dedit
392 805 599 837 mortalibus.

316 861 422 893 Prima
453 852 684 888 Connnentatio
717 848 862 893 quamvis
896 848 931 877 in
969 856 1005 877 ea
1031 843 1219 876 elaboranda
1247 845 1421 888 diligentiae
1445 852 1478 877 et
1503 848 1598 879 studii

273 914 445 958 specimina
477 910 613 942 maxime
643 904 813 937 laudabilia
848 907 958 932 auctor
986 898 1138 937 ediderit,
1175 898 1299 930 duabus
1332 905 1440 930 tamen
1469 900 1600 943 reliquis

274 968 413 1000 multum
433 964 565 995 inferior
590 960 696 992 habita
717 964 774 988 est.
805 956 894 986 Binae
915 954 984 985 aliae
1004 953 1222 995 responsiones
1241 953 1356 984 Ordini
1382 954 1600 987 Jurisconsul-

275 1028 379 1053 torum
410 1019 453 1048 ita
486 1015 698 1058 placuerunt,
728 1016 765 1041 nt
792 1015 963 1049 utramque
999 1006 1129 1048 praemio
1156 1017 1272 1037 ornare
1298 1018 1355 1048 per
1379 1007 1483 1050 legem
1512 1008 1599 1039 acad.

278 1085 340 1105 non
363 1073 476 1109 licere,
506 1067 640 1099 facultas
666 1064 872 1097 vehementer
896 1060 1028 1091 doleret.
1055 1060 1210 1090 Accurata
1232 1060 1331 1102 igitur
1357 1061 1526 1103 utriusque
1548 1063 1601 1093 in-

276 1129 383 1159 stituta
409 1123 660 1166 comparatione3
699 1117 837 1149 secunda
869 1114 1102 1146 Commentatio
1130 1113 1255 1143 tertiam
1285 1119 1317 1143 et
1348 1113 1472 1144 erudita
1504 1125 1602 1157 argu-

277 1180 377 1212 menti
403 1177 597 1220 expositione
622 1179 654 1204 et
676 1172 767 1203 latini
791 1169 943 1201 sermonis
964 1168 1121 1210 elegantia
1151 1166 1340 1197 antecellere
1371 1168 1435 1198 visa
1464 1174 1527 1207 est,
1558 1169 1601 1199 sic

277 1240 314 1265 ut
341 1231 486 1264 unanimi
514 1227 664 1270 suffragio
693 1225 778 1255 illius
804 1223 925 1255 auctori
953 1222 1122 1264 praemium
1152 1219 1375 1262 assignandum
1405 1231 1471 1250 esse
1503 1221 1603 1252 fuerit

279 1292 444 1317 statutum.
504 1283 621 1324 Aperta
656 1277 805 1310 schedula
850 1277 998 1320 apparuit
1041 1284 1159 1305 nomen
1192 1274 1440 1316 praestantissimi
1473 1274 1598 1318 juvenis

280 1340 448 1371 H11>1²omT1
471 1337 606 1374 Roman,
637 1332 861 1370 (fornacensis,
890 1330 923 1360 in
956 1328 1125 1360 Academia
1150 1327 1352 1359 Gandavensi
1376 1328 1463 1358 Juris
1485 1328 1604 1359 Candi-

281 1394 361 1429 dati,
397 1392 452 1434 qui
475 1386 729 1432 responsionibus
751 1385 830 1424 suis,
861 1383 901 1415 ad
934 1382 1152 1413 professorum
1183 1380 1373 1425 objectiones
1397 1392 1523 1412 summo
1551 1383 1604 1412 in-

282 1446 379 1489 genui
402 1443 550 1475 acumine
577 1440 688 1479 factis,
722 1449 754 1469 se
783 1437 870 1468 illam
896 1435 1145 1467 dissertationem
1172 1445 1283 1466 revera
1307 1433 1500 1474 elaborasse,
1532 1434 1604 1465 satis

281 1508 440 1542 superque
465 1493 691 1537 compi-obfuit.

325 1553 437 1590 Quum
456 1560 530 1581 vero
553 1548 654 1578 tertiae
675 1544 852 1586 scriptionis
876 1547 987 1573 auctor
1005 1541 1045 1572 ad
1066 1541 1218 1573 victorem
1243 1541 1388 1583 proxime
1419 1541 1604 1580 accesserit,

283 1603 584 1638 jurisconsultorum
611 1598 697 1630 Ordo
722 1594 1070 1628 honorificentissimam
1090 1593 1160 1637 ejus
1178 1595 1373 1625 mentionem
1393 1604 1458 1625 esse
1483 1593 1606 1625 sacien-

283 1659 372 1697 dmu,
399 1663 494 1699 atque
515 1656 547 1685 in
570 1652 665 1695 hujus
682 1652 725 1682 rei
741 1651 835 1681 fidem
856 1648 1022 1691 publicum
1046 1647 1075 1678 ei
1099 1647 1316 1678 testimonium
1333 1646 1525 1678 tradendum
1540 1658 1606 1678 esse

286 1711 434 1744 decrevit.
460 1707 563 1751 Hujus
583 1700 657 1738 vero
681 1703 960 1735 commentationis
986 1707 1166 1740 auctorem,
1187 1701 1302 1732 Ordini
1322 1701 1423 1741 Juris,
1451 1702 1603 1732 invitatus

286 1777 317 1797 se
342 1763 534 1801 enuntiavit,
559 1760 719 1802 talemque
739 1761 773 1789 in
795 1759 940 1788 examine
962 1755 1070 1787 habito
1099 1765 1131 1785 se
1156 1754 1294 1785 ostendit
1314 1755 1452 1796 optimus
1481 1753 1606 1796 juvenis

285 1820 304 1850 J
307 1829 419 1850 omnies
436 1817 585 1847 HEchus
601 1814 770 1844 Consanus
783 1811 961 1849 MAERTENS‚
982 1808 1171 1851 Brugensis,
1198 1808 1365 1849 utriusque
1387 1807 1406 1837 J
1410 1808 1474 1837 uris
1491 1807 1607 1837 Doctor

287 1883 394 1905 mense
409 1872 551 1913 Augusto
565 1867 662 1912 hujus
679 1867 753 1897 anni
771 1866 805 1896 in
820 1864 989 1897 Academia
1004 1868 1108 1893 nostra
1123 1872 1246 1893 summa
1264 1872 1339 1892 cum
1354 1860 1450 1892 laude
1471 1865 1605 1892 creatus.

683 1948 699 1978 J
703 1945 885 1978 UDICIUM
930 1942 1196 1975 MEDICORUM.

334 2016 380 2047 Ad
405 2013 620 2054 Quaestionem
641 2009 680 2042 ab
700 2009 820 2041 Ordine
844 2008 1038 2040 Medicorum
1061 2006 1252 2049 propositam
1272 2015 1367 2036 nemo
1391 2003 1560 2047 respondit.
