1820 2568
909 233 925 276 (
950 234 989 274 24
1012 233 1027 276 )

310 317 425 348 horum
454 312 609 343 facerent:
640 313 741 340 morte
763 308 849 339 enim
877 305 936 338 sibi
964 306 996 337 id
1025 306 1093 338 fore
1123 306 1284 347 acerbius,
1310 307 1336 339 si
1363 307 1452 347 illos,
1481 309 1538 351 qui
1568 315 1634 341 tam

312 368 428 405 amice,
448 371 511 396 tam
527 362 684 405 intrepide
700 372 757 405 pro
774 360 829 392 sua
848 360 949 391 salute
967 370 1000 391 se
1015 360 1270 402 interponerent,
1289 360 1366 392 dum
1383 361 1491 392 irritus
1509 361 1636 393 caderet

311 425 458 457 conatus,
483 418 517 448 in
542 415 676 447 eandem
699 415 766 457 ipse
792 424 900 444 secum
925 413 1125 455 pertraheret
1150 413 1380 444 calamitatem!
1406 414 1480 451 Quo
1505 413 1633 453 audito,

311 483 384 504 cum
407 481 516 508 nemo,
541 474 733 499 armatorum
757 472 862 504 metu,
885 471 1105 504 succurreret,
1132 471 1432 508 praepotentumque
1461 466 1634 498 factionem

312 534 452 556 crescere
475 522 636 560 viderent,
659 532 675 550 a
697 525 814 551 conatu
837 519 977 549 Socrates
997 518 1137 560 sociique
1155 517 1303 549 destitere
1317 517 1375 560 (1).
1398 519 1509 557 Quum
1527 519 1635 561 itaque

310 577 543 608 Theramenem
561 585 617 616 per
637 572 779 604 medium
801 572 907 602 forum
929 570 1124 601 abducerent
1142 571 1296 610 ministri,
1322 570 1436 612 magna
1458 582 1551 611 voce,
1570 582 1635 614 quo

309 635 401 672 pacto
422 639 530 659 secum
550 632 712 669 ageretur,
732 624 877 667 exposuit
893 623 960 655 ille:
980 624 1032 654 cui
1050 623 1258 654 interminans
1273 622 1329 654 ubi
1345 623 1466 654 diceret
1488 623 1633 666 Satyrus,

311 692 425 725 poenas
442 681 608 719 daturum,
631 679 664 709 ni
685 683 820 709 taceret:
848 688 866 708 »
883 675 971 715 Quid
991 675 1121 718 igitur'',
1143 675 1320 718 respondit,
1346 687 1365 707 ))
1377 676 1402 706 si
1423 681 1572 715 tacuero,
1595 687 1636 707 nn

310 746 424 778 poenas
445 734 578 765 daturus
602 737 677 762 non‘
691 742 762 762 sum
782 729 857 772 (2)‘.7
882 747 924 754 ——
948 729 1070 771 Vulgus
1100 735 1224 768 autem,
1254 728 1519 771 praesidiariorum
1541 729 1636 760 armis

310 789 517 826 deterritum,
541 786 617 817 (lum
640 784 802 815 infelicem
826 783 914 814 hunc
938 782 1045 823 luget,
1069 781 1166 813 simul
1191 783 1224 811 in
1245 792 1298 820 eo,
1324 781 1410 823 quod
1429 781 1636 813 Theramenis

309 842 412 872 virtus
432 846 497 869 tam
519 836 746 868 contumeliose
769 840 866 875 atque
887 832 1005 875 injuste
1029 837 1235 871 tractaretur,
1267 843 1358 863 suam
1382 843 1511 875 quoque
1534 834 1638 866 servi-

309 899 413 925 tutem
433 889 643 934 perspiciebat
662 900 699 919 ae
723 886 906 930 deplorabat
919 885 977 928 (3).
1004 885 1111 923 Quam
1135 890 1317 915 constanter
1336 895 1427 924 vet-0,
1452 895 1549 927 quam
1569 885 1638 916 for—

309 947 384 977 titer
404 945 438 975 in
464 953 590 975 carcere
618 946 753 972 mortem
776 938 946 982 oppetierit
969 937 1204 977 Theramenes,
1234 936 1393 967 Ciceronis
1418 937 1476 979 (in
1496 937 1545 968 his
1569 938 1637 968 sine

311 997 407 1031 (lubio
437 995 686 1038 Xenophontem
712 991 898 1035 sequentis)
928 991 1016 1022 locus
1041 989 1253 1021 nobilissimus
1279 989 1442 1032 depingit,
1482 990 1539 1032 qui
1561 989 1638 1021 licet

310 1050 431 1092 ubique
452 1048 519 1079 fere
539 1047 736 1083 inveniatur,
759 1050 823 1075 tam
846 1044 993 1085 egregius
1012 1049 1119 1074 tamen
1139 1053 1176 1072 ac
1190 1041 1427 1084 pulcherrimus
1446 1047 1507 1081 est,
1527 1047 1565 1073 ut
1583 1042 1638 1075 vix

310 1103 406 1134 nimis
433 1110 516 1142 saepe
540 1098 642 1140 repeti
666 1107 755 1140 posse
783 1095 940 1127 videatur.
980 1106 999 1125 ))
1019 1094 1126 1132 Quam
1151 1104 1204 1124 me
1228 1093 1364 1124 delectat
1391 1094 1637 1134 Theramenes'’,

310 1154 432 1197 inquit,
459 1164 477 1183 ))
494 1163 590 1194 quam
611 1150 693 1181 elato
711 1149 816 1179 animo
837 1149 896 1179 est!
920 1148 987 1178 Etsi
1007 1148 1094 1178 enim
1115 1146 1244 1185 flemus,
1263 1157 1338 1178 cum
1357 1146 1509 1189 legimus,
1530 1153 1638 1178 tamen

314 1219 333 1238 »
357 1217 421 1237 non
438 1202 657 1235 miserabiliter
672 1202 721 1234 vir
741 1200 845 1231 clarus
860 1200 1024 1230 emoritur.
1047 1200 1113 1237 Qui
1130 1210 1220 1238 cum,
1238 1198 1400 1242 conjectus
1414 1199 1447 1229 in
1462 1210 1637 1239 carcerem,

312 1271 329 1290 »
354 1258 482 1300 triginta
505 1255 594 1299 jussu
619 1260 844 1297 tyrannorum,
870 1263 1033 1285 venenum
1058 1257 1096 1283 ut
1118 1252 1226 1283 sitiens
1249 1251 1446 1291 obduxisset,
1476 1251 1638 1294 ieliquum

312 1324 331 1343 ))
355 1312 398 1343 sic
420 1322 437 1342 e
457 1308 572 1352 poculo
593 1307 724 1351 dejecit,
749 1312 787 1337 ut
810 1306 842 1336 id
864 1310 1041 1344 resonaret,
1073 1315 1137 1347 quo
1165 1304 1272 1335 sonitu
1296 1303 1441 1344 reddito,
1470 1303 1637 1344 adridens,

312 1377 331 1396 ))
355 1364 503 1404 Propino
509 1384 520 1399 ,
544 1361 666 1403 inquit,
690 1360 750 1390 hoc
765 1359 908 1400 pulchro
936 1359 1081 1389 Critiae:
1107 1358 1212 1400 quiin
1228 1368 1302 1388 eum
1322 1357 1429 1388 fuerat
1443 1358 1638 1389 teterrimus:

312 1430 331 1448 ))
356 1417 460 1448 Graeci
481 1412 621 1446 enimin
644 1412 797 1444 conviviis
817 1412 919 1443 solent
940 1411 1124 1450 nominare,
1146 1410 1200 1441 cui
1221 1409 1375 1453 poculum
1396 1409 1544 1441 tradituri
1563 1410 1636 1441 sint.

310 1483 330 1501 )›
353 1470 444 1501 Lusit
463 1469 512 1499 vir
532 1467 679 1510 egregius
695 1471 837 1497 extremo
854 1465 983 1507 spiritu,
1004 1476 1079 1495 cum
1099 1463 1279 1506 praecordiis
1296 1469 1482 1506 conceptam
1502 1469 1638 1494 mortem

312 1534 330 1553 ))
355 1522 549 1553 contineret:
575 1529 714 1560 vereque
735 1518 784 1556 ei,
811 1518 864 1548 cui
887 1528 1049 1549 venenum
1074 1515 1278 1559 praebiberat,
1303 1521 1439 1547 mortem
1459 1521 1507 1547 est
1533 1527 1639 1558 augu-

312 1586 330 1605 ))
354 1580 455 1611 ratus,
481 1583 553 1615 quae
576 1571 665 1602 brevi
691 1576 857 1601 consecuta
872 1569 940 1600 est'’
963 1570 1020 1611 (4).

372 1686 405 1714 (1)
422 1685 499 1707 Diod.
517 1683 587 1712 XIV,
604 1691 625 1706 c.
642 1683 664 1706 5.
680 1694 705 1700 —
719 1682 809 1705 Eadem
825 1681 874 1704 sere
889 1681 917 1704 de
933 1683 1036 1705 Isocrate
1053 1681 1129 1704 tradit
1144 1681 1329 1705 Pseudo-Plu.
1346 1679 1372 1702 in
1387 1681 1510 1706 Isocrate,
1525 1687 1551 1709 p.
1569 1678 1638 1708 1024,

312 1726 350 1748 etl.
369 1724 450 1748 Wolf.
467 1724 528 1746 min.
547 1723 613 1746 Licet
627 1730 683 1746 vero
694 1722 790 1744 nullum
808 1728 905 1750 eorum,
918 1721 960 1751 qui
977 1721 1006 1744 de
1022 1721 1092 1744 rebus
1109 1721 1236 1744 Socraticis
1252 1720 1410 1750 scripserunt,
1426 1719 1471 1741 hac
1488 1719 1516 1741 de
1527 1726 1552 1741 re
1563 1721 1640 1740 exstet

314 1764 478 1787 testimonium
490 1781 496 1792 ,
520 1763 593 1786 nimis
611 1769 721 1793 expressa
740 1766 821 1784 tamen
846 1766 902 1784 sunt
920 1761 1022 1784 Diodori
1046 1761 1131 1790 verba,
1154 1761 1234 1790 judice
1251 1760 1363 1783 Luzacio
1381 1759 1407 1782 in
1431 1759 1474 1781 Or.
1495 1758 1513 1781 l.
1532 1766 1556 1788 p.
1579 1766 1636 1788 129,

313 1810 387 1834 quam
403 1807 431 1825 ut
447 1802 517 1824 fidem
535 1803 564 1824 iis
577 1803 727 1833 denegemus.
743 1801 989 1825 Pseudo-Plutarchi
1003 1805 1116 1831 praeterea
1133 1800 1199 1823 haud
1216 1807 1303 1830 magna
1318 1803 1354 1821 est
1365 1798 1505 1821 auctoritas.
1518 1798 1639 1821 Memmius

314 1844 341 1866 iu
358 1843 428 1865 Lect.
447 1842 499 1865 Att.
518 1841 549 1869 V,
570 1842 609 1869 14,
628 1849 671 1871 pro
686 1843 796 1865 Isocrate
812 1841 838 1864 in
856 1841 901 1863 hoc
922 1841 1102 1864 Pseudo-Plut.
1120 1840 1173 1862 loeo
1192 1840 1317 1862 Socratem
1331 1837 1464 1868 intelligit,
1487 1841 1559 1868 atque
1574 1837 1638 1860 hunc

315 1886 449 1909 auctorem,
467 1879 628 1902 similitudine
643 1880 749 1903 nominis
768 1880 949 1907 introductum,
973 1887 1061 1903 errasse
1078 1879 1177 1910 statuit,
1193 1883 1210 1903 t.
1224 1878 1256 1908 V,
1281 1878 1352 1901 Thes.
1375 1878 1451 1901 Gron.
1469 1885 1493 1908 p.
1512 1884 1577 1907 ¹729-

374 1921 407 1949 (α)
426 1918 535 1949 ΧειιοΡΙι.
553 1918 570 1941 l.
587 1919 605 1941 1.
622 1919 635 1948 ᾗ
652 1919 689 1947 56,

376 1961 409 1990 (5)
425 1959 503 1982 Diod.
521 1958 538 1981 1.
558 1958 576 1981 1.

376 2000 414 2029 (4)
436 1998 533 2022 Tuscul.
553 1997 653 2029 Quaest.
673 1998 696 2027 1,
716 1997 753 2020 40.
