1820 2568
779 227 795 270 (
816 227 860 268 45
882 228 898 270 )

172 306 277 338 Piraeo
298 306 472 349 imperium
495 307 680 348 tenuerant3
705 300 793 344 quod
812 302 837 332 si
860 301 918 344 qui
942 301 977 332 in
996 301 1078 334 urhe
1101 302 1159 334 sibi
1184 310 1382 343 metuerent,
1410 303 1511 335 Eleu—

172 362 274 393 sinem
290 361 465 404 migrarent
476 359 533 401 (1).
560 358 620 389 Cui
640 357 736 387 etiam
750 355 835 387 dicto
853 355 982 399 plureS,
1002 357 1059 398 qui
1074 356 1259 400 adspectum
1278 369 1406 398 eorum,
1430 369 1510 401 quos

173 414 233 447 suh
255 413 424 458 tyrannide
451 411 671 449 offenderant,
706 409 956 449 reverebantur,
986 410 1081 442 fuere
1111 411 1295 444 audientes:
1330 413 1366 443 in
1393 412 1512 455 quibus

173 469 239 500 fuit
259 467 435 499 Batrachus
454 466 526 505 ille,
553 464 851 508 impudentissimus
871 464 932 496 sub
954 464 1055 496 XXX
1078 467 1151 499 viris
1176 467 1297 499 delator
1317 466 1376 510 (2).
1405 467 1513 510 Atque

171 522 221 553 his
243 523 286 553 ita
306 520 487 560 transactis,
512 519 684 551 Pausanias
708 517 843 549 abduxit
863 519 1053 550 exercitum.
1083 520 1158 559 Quo
1180 521 1265 552 facto
1291 513 1430 560 exsules,
1454 521 1511 564 qui

171 576 206 607 in
227 575 329 606 Piraeo
349 574 496 613 fuerant,
519 572 595 604 inde
619 583 694 604 cum
719 571 815 603 armis
839 572 963 604 solenni
985 573 1103 616 pompa
1124 574 1158 604 in
1191 573 1305 606 urbem
1331 581 1508 614 venerunt,

172 634 204 659 et
224 639 331 660 arcem
355 639 430 659 cum
456 626 708 666 adscendissent,
735 626 888 659 Minervae
910 627 950 658 ob
967 634 1130 672 receptam
1150 628 1331 660 libertatem
1353 641 1441 661 saera
1460 629 1512 660 fe·-

171 688 304 722 cerunt,
342 682 393 714 die
425 682 615 714 duodecimo
640 680 900 720 BoedromioniS,
930 681 1065 713 ineunte
1093 694 1178 714 anno
1207 683 1348 714 secundo
1379 682 1509 726 Olymp.

169 735 292 776 XCIV,
311 736 450 767 sedecim
474 736 544 767 fere
562 734 725 766 mensibus
747 741 818 777 post
834 736 1021 768 constitutos
1037 736 1139 767 XXX
1158 737 1242 769 viros
1256 737 1314 780 (3).
1337 737 1511 779 Postquam

170 801 211 822 ex
231 802 304 822 arce
325 802 436 822 rursus
457 789 709 828 descendissent,
731 788 772 820 ad
786 789 921 833 ejusque
941 790 1057 833 pedem
1075 791 1110 822 in
1126 791 1252 835 Phylen
1272 791 1509 834 pervenissent,

169 843 277 875 habita
302 850 348 875 est
371 844 498 882 concio,
519 844 553 874 in
579 842 643 885 qua
663 842 830 874 decretum
852 842 952 874 ferret
977 844 1118 887 populus
1141 845 1181 876 de
1200 846 1239 877 iis
1264 844 1510 885 constituendis,

170 908 242 940 quae
268 897 417 928 suaderet
444 908 582 940 praesens
606 894 792 938 reipublicae
822 895 973 928 conditio.
1012 897 1049 928 In
1080 897 1141 929 hac
1166 904 1275 930 autem
1311 898 1511 930 Phormisius

171 950 302 993 quidam
338 962 378 982 ex
413 950 625 983 redeuntibus
652 950 843 981 sententiam
877 950 993 982 dixisse
1018 951 1147 983 videtur
1180 951 1220 985 de
1250 951 1416 995 republica
1444 964 1510 984 non

170 1005 333 1045 omnibus,
355 1005 408 1036 sed
429 1006 466 1036 iis
487 1011 629 1045 tantum,
659 1005 716 1047 qui
735 1009 852 1034 terram
873 1004 1052 1035 incolerent
1072 1011 1105 1036 et
1123 1006 1338 1049 possiderent,
1360 1008 1511 1038 commit-

170 1058 282 1097 tenda,
309 1058 396 1100 quod
415 1064 448 1089 et
466 1058 699 1089 Lacedaemonii
719 1058 764 1088 ita
784 1057 853 1087 fieri
874 1057 1034 1090 volebant.
1060 1059 1143 1097 Quae
1162 1059 1188 1090 si
1212 1060 1338 1091 vicisset
1352 1060 1511 1091 sententia

168 1110 258 1152 (non
284 1116 393 1142 autem
419 1111 540 1153 vicit),
574 1111 719 1153 quinque
752 1121 844 1152 paene
873 1110 975 1142 millia
1010 1112 1257 1145 Atheniensium
1282 1125 1299 1145 a
1324 1113 1511 1157 reipublicae

169 1164 326 1207 regimine
342 1164 511 1196 amovendi
528 1164 675 1195 fuissent.
692 1163 760 1194 Hoc
780 1174 856 1196 vero
871 1175 912 1195 ne
925 1165 1032 1205 fieret,
1050 1168 1230 1198 orationem
1246 1168 1371 1211 scripsit
1384 1169 1508 1211 Lysias,

168 1229 240 1261 quae
261 1230 302 1249 an
325 1224 403 1250 tunc
418 1218 526 1249 habita
546 1218 664 1258 fuerit,
685 1229 751 1249 non
770 1216 892 1249 constat
908 1219 966 1262 (4).
992 1219 1077 1251 Illud
1098 1227 1236 1261 constat,
1253 1221 1508 1265 Thrasybulum,

167 1272 201 1303 in
225 1271 383 1304 diversam
408 1272 538 1304 omnino
564 1272 757 1304 sententiam
791 1271 888 1305 verba
921 1273 1033 1305 fecisse
1064 1274 1099 1306 in
1128 1275 1188 1306 hac
1218 1277 1382 1308 concione.
1419 1276 1507 1317 Qui,

166 1332 335 1370 postquam
358 1326 442 1358 facta
467 1338 597 1365 eorum,
627 1326 684 1369 qui
711 1325 912 1369 oligarchicis
933 1327 1109 1360 rationibus
1132 1328 1302 1369 favebant,
1330 1329 1510 1373 reprehen-

167 1380 278 1421 disset,
300 1391 417 1424 eosque
432 1392 493 1413 nec
508 1379 628 1425 justitia
638 1404 646 1420 ,
668 1390 730 1411 nec
743 1380 879 1421 virtute,
902 1392 962 1413 nec
976 1381 1166 1425 prudentia,
1187 1394 1248 1415 nec
1265 1383 1405 1427 denique
1420 1384 1509 1428 quod

227 1494 267 1524 (ι)
284 1494 396 1524 Xenoph.
414 1494 426 1524 §
443 1494 480 1517 58.
498 1493 601 1524 Nepotis
617 1500 722 1516 errorem
740 1493 766 1516 iu
792 1493 912 1524 Thrasyb.
931 1502 952 1517 c.
968 1496 995 1524 3,
1015 1495 1058 1526 qui
1075 1496 1099 1519 X
1112 1496 1178 1520 viros
1193 1496 1265 1520 Piraei
1280 1505 1335 1520 cum
1351 1498 1375 1521 X
1390 1497 1463 1526 viris,
1481 1498 1508 1521 iu

166 1534 225 1560 urbe
244 1539 328 1565 postea
349 1535 488 1559 consumtis
507 1534 637 1564 confudit,
658 1539 809 1558 notaverunt
835 1535 922 1558 Vates.
944 1536 1052 1559 Emend.
1070 1538 1098 1565 1,
1122 1538 1165 1563 53,
1189 1545 1213 1567 p.
1230 1538 1274 1564 41,
1296 1542 1321 1560 et
1342 1538 1464 1568 Taylorus
1481 1538 1509 1562 in

173 1574 235 1597 Vita
251 1575 312 1605 Lys.
328 1583 354 1605 p.
370 1575 412 1604 48,
427 1583 475 1606 seq.
495 1575 522 1598 in
535 1582 566 1598 na
581 1575 605 1598 d.
620 1587 651 1592 —
666 1574 777 1597 Eundem
792 1583 897 1598 errorem
913 1576 1029 1598 erravisse
1044 1577 1144 1600 videtur
1161 1578 1268 1608 Trogus,
1285 1586 1315 1601 ex
1333 1586 1381 1609 quo
1396 1580 1509 1602 Justinus

167 1612 258 1642 refert,
282 1613 427 1636 Pausaniam
454 1615 535 1637 decem
560 1618 680 1644 tyrannos
700 1622 730 1636 ex
755 1614 813 1636 urbe
835 1614 950 1638 Eleusina
974 1615 1078 1647 migrare
1102 1616 1134 1640 ad
1155 1622 1253 1641 caeteros
1273 1618 1385 1649 jussisse5
1410 1619 1442 1648 V,
1469 1628 1506 1643 ιο.

166 1652 205 1675 Cf.
222 1653 251 1676 de
265 1661 323 1684 paee
339 1655 418 1677 Diod.
435 1663 456 1678 c.
474 1655 516 1683 33,
535 1655 606 1677 Plut.
625 1654 651 1677 in
668 1655 729 1684 Lys.
751 1662 775 1684 p.
794 1655 847 1678 445.

228 1694 260 1723 (α)
278 1694 495 1725 Pseudo-Lysias,
514 1699 598 1717 contra
614 1696 710 1718 Andoc-
727 1702 752 1724 p.
775 1695 825 1718 124.
874 1715 877 1724 ,

227 1733 265 1762 (3)
284 1734 396 1763 Xenoph.
413 1734 478 1764 §59.
496 1734 534 1757 Cf.
552 1735 658 1764 Lysim,
675 1736 731 1758 adu.
749 1736 842 1766 Agar„
860 1744 884 1766 p.
902 1737 954 1759 262.
974 1738 1060 1766 Plau,
1076 1739 1107 1762 de
1121 1740 1206 1770 gloria
1222 1740 1330 1769 Athen„
1350 1749 1375 1771 p.
1393 1743 1446 1772 339.
1466 1742 1505 1765 ed.

166 1772 288 1802 thandr.
308 1773 412 1796 forsitan
429 1774 502 1796 etiam
517 1775 544 1797 in
561 1775 672 1805 Sympos.
690 1776 740 1804 IX,
759 1780 844 1805 quoest.
859 1777 882 1799 6.
899 1785 923 1807 p.
940 1778 992 1808 74⁰-
1011 1778 1124 1802 Errorem
1138 1781 1260 1808 Diodori,
1278 1781 1351 1804 finem
1365 1783 1507 1813 tyrannidis

166 1811 197 1835 ad
215 1812 332 1835 ultimum
350 1813 424 1842 hujus
438 1813 595 1844 Olympiadis
608 1822 702 1837 aunum
718 1815 856 1843 referentis,
872 1817 1010 1841 luculenter
1025 1824 1175 1843 notaverunt
1185 1822 1336 1845 Dodusellus
1348 1822 1373 1845 in
1390 1823 1505 1847 chronol.

167 1852 278 1882 Xeuoplz.
295 1861 319 1883 p.
340 1861 379 1881 η,
398 1853 435 1876 ed.
458 1854 615 1884 Schneideri,
637 1860 660 1878 et
681 1857 801 1886 Taylorus
816 1857 842 1880 iu
864 1858 925 1881 Vita
943 1859 1042 1889 lysioe,
1058 1868 1082 1890 p.
1103 1861 1146 1891 49,
1166 1868 1215 1892 seq.
1232 1868 1265 1884 ua
1279 1863 1309 1891 d,
1329 1863 1372 1893 qui
1390 1868 1505 1894 praeterea

164 1890 238 1917 finem
255 1892 453 1924 principiumque
471 1895 612 1925 tyrannidis
631 1896 722 1927 egregie
742 1897 999 1930 circumscripserunt‚
1024 1909 1070 1924 nec
1092 1909 1142 1925 uon
1168 1903 1351 1934 lVesselingius
1369 1904 1400 1927 ad
1424 1906 1502 1930 Diod.

163 1939 188 1963 p.
206 1933 260 1955 668.
282 1946 312 1951 —
334 1935 491 1964 Xenophonti
512 1935 611 1967 insuper
634 1937 782 1968 suffragatur
801 1939 982 1969 Philochorus,
1006 1941 1109 1972 scriptor
1130 1950 1246 1974 perquam
1269 1949 1412 1974 accuratus,
1439 1945 1504 1975 apud

162 1973 244 1996 Schol.
260 1975 387 2005 Aristoph.
403 1975 429 1998 iu
443 1976 535 2003 Pluto,
554 1985 590 2000 vs.
614 1978 684 2008 1147,
702 1979 732 2001 ad
750 1987 821 2010 quem
834 1979 891 2004 vide
907 1981 1009 2004 omuino
1024 1982 1252 2014 Hemstedcusium,
1272 1985 1352 2008 virum
1366 1992 1501 2014 summum,

163 2021 189 2044 p.
205 2014 251 2037 438
261 2015 342 2041 -441,
357 2015 386 2038 in
400 2023 438 2038 na.
456 2016 597 2047 (Aristoph.
619 2019 711 2042 Coram.
726 2019 832 2049 Plutus,
849 2025 894 2043 etc.
909 2021 1036 2053 Harlingae
1046 2041 1053 2053 ⁷
1074 2024 1140 2054 1744.
1153 2024 1161 2054 )

224 2054 257 2084 (4)
273 2056 381 2086 Dionys.
400 2057 533 2081 Halicam.
550 2058 577 2081 in
598 2060 691 2090 Lysia,
712 2067 794 2084 versus
809 2061 892 2086 finem.
913 2063 1020 2094 Lysias„
1038 2064 1068 2087 de
1088 2065 1192 2095 antIqua
1214 2066 1275 2096 reip.
1290 2066 1375 2096 forma
1394 2065 1501 2091 Athenis

163 2101 212 2119 mm
230 2094 395 2126 immutanda,
416 2104 440 2127 p.
457 2097 515 2127 524,
534 2105 600 2132 seqq.
