1763 2511
851 160 990 202 (124)

259 239 293 270 in
317 238 506 270 contrariam
532 235 721 267 sententiam
738 234 824 265 abiit.
847 232 984 264 Veniam
1000 234 1108 276 itaque
1129 246 1188 277 pro
1200 235 1249 267 his
1267 248 1339 279 quae
1358 249 1428 269 sum
1445 238 1587 271 dicturus

264 303 360 334 rogo,
382 301 551 333 unumque
573 295 664 332 pete,
688 299 730 319 ne
750 288 820 330 quis
841 298 892 319 me
918 288 1100 320 inauditum
1121 290 1322 322 condemnet.

305 346 500 388 Priusquam
524 343 650 386 longius
671 341 871 384 progrediar,
899 341 1117 373 definiendum
1133 355 1203 374 reor
1221 345 1299 387 quid
1313 346 1352 376 sit
1368 347 1587 388 praesumptio,

264 410 304 430 an
326 399 433 442 opinio
453 398 546 429 certis
566 396 690 427 indiciis
710 394 843 426 fundata
865 394 949 435 (une
972 396 1106 435 opinion
1117 396 1243 438 foncle'e
1265 410 1324 428 sm·
1344 401 1506 430 certaines
1528 411 1591 441 ap·-

257 452 443 495 parences)
473 458 510 483 ut
541 451 733 494 plerumque
766 448 942 487 definitur,
970 459 1009 478 an
1039 449 1183 490 quaedam
1210 451 1306 481 animi
1332 452 1369 482 ad
1394 452 1590 484 credendum

266 506 429 537 inclinatio
448 503 686 548 probationibus
703 502 753 534 vel
763 494 893 533 'indiciis
910 501 1006 533 nullis
1026 510 1251 545 superstructa.
1275 504 1352 534 Mihi
1371 517 1443 536 vcro
1463 506 1591 538 videtur

266 559 346 591 illud
364 558 557 591 vocabulum
572 556 854 600 praesumptionem
870 556 1034 598 posteriori
1054 561 1179 586 tantum
1201 567 1295 587 seusu
1312 557 1364 588 hic
1383 569 1471 600 posse
1492 559 1590 590 intel—

264 613 331 656 ligi.
353 612 454 644 Aliter
474 613 560 642 enim
583 610 755 641 absurdum
771 610 870 648 foret,
889 610 914 640 si
930 610 999 651 quis
1013 609 1133 640 diceret
1147 610 1360 641 innocentiam
1376 612 1409 642 in
1429 612 1508 643 thesi
1526 624 1591 644 esse

264 665 528 709 praesumendam.
554 664 635 695 Nam
664 665 689 694 si
716 663 920 706 praesumptio
945 669 1025 693 esset
1051 663 1158 704 opinio
1185 663 1330 705 quaedam
1353 665 1445 695 certis
1467 665 1592 697 indiciis

265 719 398 750 fundata
413 743 422 758 ‚
444 730 500 760 pro
526 718 655 748 diversis
686 716 811 746 indiciis
837 716 958 746 diversa
981 715 1110 746 deberet
1139 727 1205 747 esse
1229 718 1435 760 praesumptio
1452 742 1460 757 ,
1485 729 1591 761 neque

268 783 393 814 semper
413 770 594 802 innocentia
615 769 671 800 sed
689 774 721 799 et
738 768 832 810 culpa
853 768 1015 800 interdum
1032 769 1115 800 foret
1129 771 1360 812 praesumenda.
1387 771 1499 809 Quum
1517 782 1592 803 vero

263 823 324 856 hoc
344 824 412 855 loco
432 829 544 866 agatur
564 823 604 854 de
624 822 871 865 praesumptione
892 821 1030 864 quadam
1056 822 1209 853 uniformi
1230 829 1263 853 et
1287 823 1434 866 aequabili
1461 835 1533 866 quae
1557 824 1591 855 in

265 877 410 909 omnibus
433 877 555 908 casibus
580 875 689 907 eadem
709 877 740 907 vi
761 882 792 906 et
814 886 871 917 pro
898 875 1008 906 eadem
1033 881 1122 918 parte
1147 875 1262 906 militat
1277 900 1285 915 ‚
1311 876 1518 907 manifestum
1547 883 1593 907 est

264 931 351 963 illam
376 930 520 974 regulam
549 940 622 973 quae
648 930 796 962 universe
828 935 953 971 recepta
979 935 1045 968 est,
1071 930 1152 960 nihil
1177 930 1264 961 aliud
1294 931 1470 973 significare
1496 942 1592 973 quam

266 985 352 1028 quod
365 1009 373 1025 ‚
394 984 491 1015 nullis
504 984 610 1015 adhuc
631 984 778 1026 praestitis
796 982 939 1021 indiciis,
963 983 1125 1025 nullisque
1146 982 1364 1022 documentis,
1388 984 1590 1022 tes-timoniis,

264 1039 483 1070 instrumentis
514 1037 565 1069 vel
598 1037 792 1080 quibuslibet
821 1037 974 1068 faciendae
1001 1037 1073 1068 fidei
1104 1037 1296 1081 adjumentis
1329 1036 1367 1067 ab
1389 1036 1525 1068 alteruta
1553 1037 1591 1068 ab

266 1098 356 1134 parte
381 1092 481 1122 allatis
494 1116 501 1130 ‚
529 1091 626 1135 judex
651 1102 746 1122 reum
767 1091 860 1133 plane
876 1091 1014 1122 'credere
1034 1090 1148 1121 debeat
1167 1091 1382 1121 innocentem.

307 1145 401 1176 Nunc
426 1157 533 1187 quaero
564 1156 701 1187 quanam
730 1145 764 1175 iu
787 1144 899 1188 judicii
928 1150 1017 1187 parte
1048 1146 1105 1175 ista
1139 1145 1344 1187 praesumptio
1372 1144 1492 1176 valeret
1509 1143 1526 1174 ’Β
1554 1156 1594 1175 an

268 1199 388 1230 scilicet
409 1199 624 1229 instructionis
653 1198 744 1228 initio
761 1222 769 1237 ,
794 1204 827 1229 et
852 1198 940 1229 nulla
967 1198 1074 1229 adhuc
1097 1198 1303 1241 inquisitione
1329 1197 1458 1240 speciali
1486 1203 1595 1227 contra

271 1257 388 1282 certam
416 1262 580 1293 personam
612 1251 730 1281 directa
745 1250 760 1280 ’ἶ
783 1250 862 1289 Sed,
892 1262 1019 1292 quaeso‚
1046 1252 1173 1282 cuinam
1200 1251 1268 1281 talis
1293 1251 1497 1293 praesumptio
1520 1262 1596 1292 pro-

267 1305 394 1336 desset?
411 1304 559 1342 Nemini⁷
580 1316 620 1334 an
642 1303 814 1334 omnibus?
841 1304 949 1334 Potius
973 1304 1095 1334 nemini
1125 1303 1272 1345 prodesse
1298 1303 1435 1333 credam.
1464 1304 1595 1333 Etiamsi

266 1358 351 1389 enim
374 1357 462 1388 nulla
488 1357 556 1387 talis
581 1356 752 1387 haberetur
777 1357 1006 1398 praesumptio,
1025 1362 1131 1386 tamen
1150 1355 1291 1386 criminis
1311 1356 1446 1396 suspimo
1476 1355 1514 1385 ad
1537 1366 1596 1386 ne—

266 1414 385 1443 minem
426 1412 629 1453 perveniret,
659 1410 816 1453 siquidem
846 1410 1057 1452 supponimus
1082 1408 1171 1439 nulla
1202 1408 1307 1439 adhuc
1342 1408 1458 1438 indicia
1486 1414 1594 1439 contra

268 1471 384 1496 certam
410 1476 575 1507 personam
602 1475 667 1494 esse
694 1463 825 1506 prolata.
854 1463 910 1494 Sin
937 1474 1012 1494 vero
1038 1463 1101 1506 jam
1127 1462 1291 1505 inquisitio
1321 1462 1464 1504 specialis
1488 1469 1596 1493 contra

269 1520 408 1562 aliquem
424 1519 541 1550 directa
560 1525 622 1556 est,
638 1517 753 1548 indicia
772 1517 917 1560 quaedam
937 1518 1085 1549 adversus
1098 1528 1172 1547 eum
1189 1515 1309 1558 prolata
1327 1516 1447 1546 fuerint
1461 1521 1595 1558 oportet.

269 1573 429 1612 Quaelibet
463 1579 569 1603 autem
598 1572 713 1602 iudicia
749 1572 925 1602 necessario
956 1571 1060 1613 aliqua
1093 1570 1271 1611 suspicione
1306 1570 1448 1600 animum
1482 1569 1596 1612 judicis

269 1625 429 1657 imbuunt.
458 1625 556 1667 Atqui
577 1625 712 1666 suspicio
738 1624 816 1667 quid
840 1630 886 1654 est
910 1624 997 1655 aliud
1019 1635 1115 1666 quam
1137 1622 1239 1665 culpae
1255 1622 1486 1664 praesumpno?
1501 1622 1598 1660 Quod

269 1680 293 1709 si
314 1680 420 1721 itaque
441 1679 592 1709 innocens
612 1677 666 1708 ille
686 1677 856 1708 haberetur
877 1677 1026 1708 adversus
1048 1688 1144 1719 quem
1170 1675 1312 1718 specialis
1333 1675 1496 1717 inquisitio
1514 1675 1596 1706 foret

269 1732 432 1770 instituta,
454 1731 574 1762 adesset
596 1730 715 1773 duplex
740 1731 773 1761 in
795 1729 936 1774 ejusdem
963 1730 1076 1773 judicis
1100 1730 1204 1760 animo
1236 1730 1317 1759 circa
1352 1727 1495 1759 eamdem
1522 1739 1596 1770 per—-

269 1795 376 1815 sonam
404 1785 625 1827 praesumptio,
650 1784 829 1817 favorabilis
862 1784 959 1815 altera
979 1808 986 1823 ‚
1006 1784 1103 1815 altera
1130 1783 1231 1814 odiosa
1248 1807 1255 1821 ‚
1285 1794 1356 1825 quae
1381 1789 1489 1813 tamen
1507 1781 1596 1826 juxta

270 1839 403 1869 existere
425 1849 488 1868 non
511 1844 650 1880 possunt.

314 1891 384 1922 Jam
405 1901 482 1923 vcro
504 1902 646 1933 suppono
665 1892 784 1922 crimen
811 1891 852 1923 ad
866 1902 941 1922 eum
961 1890 1104 1935 judicem
1122 1901 1187 1921 esse
1207 1889 1347 1921 delatum
1366 1913 1374 1927 ‚
1395 1889 1450 1931 qui
1470 1899 1595 1919 causam

271 1946 336 1987 ipse
361 1955 424 1976 non
446 1945 613 1983 instrunt,
639 1945 694 1975 sed
717 1947 905 1976 instructam
926 1944 965 1976 ab
986 1945 1047 1976 alio
1068 1944 1210 1986 accepit,
1239 1949 1274 1975 ut
1301 1942 1495 1973 definitivam
1519 1952 1593 1972 sen-
