1763 2511
893 182 908 223 (
934 183 974 213 28
999 182 1012 222 )

336 258 358 300 g
382 257 466 286 VIII.
502 256 612 298 Itaque
635 255 900 297 quotiescumque
926 261 1084 297 punctum
1110 256 1305 288 luminosum
1327 257 1360 288 in
1386 257 1490 289 medio
1515 260 1625 292 rariori

293 318 338 343 est
363 311 520 353 positum,
550 309 629 340 radii
651 310 745 351 plano
770 309 911 341 verticali
938 320 994 351 per
1020 315 1178 351 punctum
1203 310 1400 342 luminosum
1426 311 1522 342 ducto
1549 323 1627 343 con-

294 365 386 403 tenti,
407 370 572 406 postquam
596 364 627 393 in
653 362 790 393 alterum
812 363 953 394 medium
972 363 1167 403 transierint,
1187 363 1342 407 originem
1363 364 1507 407 praebent
1524 376 1626 396 caus-

292 419 367 448 tieae
392 429 469 459 quoe
493 417 581 447 nihil
606 422 655 446 est
681 417 750 446 nisi
776 417 908 446 evoluta
936 417 1147 458 hyperbolae,
1180 416 1278 459 cajus
1310 423 1456 448 centrmn
1491 418 1526 448 in
1551 418 1628 458 ipsd

291 471 466 513 superficie
489 470 657 500 dirimenti
685 475 735 499 est
761 470 884 506 situm,
918 475 951 500 et
971 470 1073 501 habet
1097 481 1194 501 axem
1215 482 1312 501 suam
1341 470 1500 512 majorem
1525 472 1627 502 verti—

292 525 408 555 calem.
445 523 548 566 Hujus
576 522 756 565 hyperbolae
782 522 872 553 focus
898 534 999 562 unus,
1027 529 1073 554 est
1096 523 1202 565 ipsum
1224 529 1382 566 punctum
1408 523 1624 565 luminosum3

293 578 362 621 ejus
383 577 594 608 dimensiones
624 576 663 606 ad
690 575 902 618 quantitatem
930 587 952 606 α
980 575 1250 619 proportionales,
1281 576 1424 618 pendent
1455 588 1471 607 a
1504 577 1626 608 ratione

292 632 380 662 sinus
399 630 580 661 incidentiae
602 628 641 659 ad
669 629 775 659 sinum
798 628 995 659 refractionis
1016 629 1080 671 (i)⁷
1102 630 1144 660 ita
1167 635 1203 660 ut
1223 628 1405 672 liyperbolae
1420 630 1626 673 ipsarumque

291 684 427 717 evolutae
451 682 489 714 ad
506 683 590 714 varia
611 688 729 724 puncta
752 681 904 712 radiantia
922 682 1148 723 respondentes
1167 693 1273 713 curvat
1296 682 1360 711 sint
1381 682 1508 713 similes.
1533 683 1626 714 Patet

290 743 442 780 praeterea
463 747 502 767 ex
529 735 651 766 duabus
675 734 834 776 partibus7
857 733 976 775 quibus
993 740 1114 764 constat
1139 735 1292 773 caustica,
1314 734 1412 765 solam
1438 735 1525 766 illam
1548 747 1626 778 pro-

290 790 420 821 blemati
442 799 507 820 esse
524 787 636 819 utilem
659 798 730 829 quae
749 785 788 817 ad
804 786 836 816 id
854 785 994 817 medium
1016 788 1172 829 pertinet,
1193 787 1227 818 in
1244 797 1308 830 quo
1324 792 1483 829 punctum
1501 788 1626 820 radians

291 849 446 874 versatur.

332 906 355 948 S
379 906 436 936 IX.
468 905 717 935 APPchT1oN1-25.
753 903 800 933 Ex
825 902 1079 945 praecedentibus
1107 903 1271 946 sequitur:

334 961 367 989 10
393 957 558 996 Quamdiu
581 957 693 988 oculus
709 957 744 987 in
768 955 873 987 medio
894 955 1032 987 densiori
1050 957 1189 999 positus,
1212 967 1276 986 non
1302 955 1421 998 linquit
1441 955 1625 988 verticalem

291 1018 509 1043 transeuntem
532 1022 590 1053 per
615 1017 775 1053 punctum
799 1010 1012 1053 luminosum,
1040 1010 1144 1052 imago
1165 1008 1263 1052 hujus
1283 1009 1396 1051 puncti
1422 1008 1545 1040 tamdiu
1573 1020 1626 1040 re-

291 1071 399 1096 manet
424 1066 455 1095 in
478 1064 588 1095 eadem
615 1063 779 1102 verticali,
807 1069 839 1093 et
864 1063 995 1105 quidem
1022 1064 1082 1094 {ixa
1110 1068 1254 1094 remanet
1279 1062 1424 1104 quamvis
1451 1061 1563 1094 oculus
1591 1063 1625 1093 in

291 1118 434 1151 verticali
455 1122 637 1156 moveatur3
662 1127 755 1147 cansa
774 1115 871 1158 hujus
891 1115 1095 1157 phaenomeni
1118 1121 1229 1158 sponte
1249 1120 1353 1157 patet,
1375 1126 1448 1145 nam
1466 1120 1624 1157 punctum

289 1182 413 1213 semper
430 1170 469 1200 ab
490 1170 582 1200 oculo
601 1170 634 1199 in
650 1174 770 1211 puncto
793 1169 963 1211 tangentiae
985 1170 1194 1212 conspicitur,
1217 1174 1251 1199 et
1270 1173 1430 1210 punctum
1449 1168 1531 1199 illud
1547 1180 1625 1199 con-

292 1232 392 1256 tactus
413 1236 470 1267 pro
491 1223 554 1254 tota
573 1222 715 1255 verticali
736 1222 821 1253 idem
845 1233 975 1254 manere
996 1234 1060 1253 non
1083 1233 1163 1265 opus
1185 1227 1233 1252 est
1253 1227 1290 1252 ut
1314 1227 1491 1252 moneatur.
1517 1222 1625 1264 Imago

289 1289 417 1321 prorsus
443 1277 536 1308 altius
559 1276 752 1318 conspicitur
777 1286 872 1318 quam
899 1287 1010 1308 revera
1033 1277 1181 1318 ponitur,
1208 1281 1240 1306 et
1264 1274 1410 1306 distantia
1432 1275 1516 1306 inter
1541 1276 1624 1306 ima-

290 1333 397 1374 ginem
421 1337 454 1361 et
475 1335 635 1373 punctum
653 1329 754 1368 reale,
784 1329 1024 1371 proportionalis
1040 1335 1087 1360 est
1110 1328 1149 1359 ad
1166 1327 1370 1359 altitudinem
1393 1339 1414 1358 α
1433 1327 1548 1371 objecti
1571 1340 1625 1360 ra-

290 1385 414 1415 diantis.
436 1384 548 1422 Quum
564 1382 676 1414 oculus
693 1383 726 1412 in
748 1381 846 1425 aqua,
864 1388 1023 1424 punctum
1043 1393 1118 1414 vero
1129 1381 1254 1412 radians
1267 1381 1299 1411 in
1312 1382 1384 1411 aere
1403 1387 1448 1412 est
1466 1382 1622 1424 positum,

288 1437 434 1469 distantia
459 1436 527 1467 haec
544 1442 591 1467 est
608 1449 646 1463 =
667 1442 701 1477 ἐς
724 1436 749 1466 si
770 1434 882 1466 oculus
904 1435 938 1465 in
958 1435 1056 1474 vitro,
1079 1441 1238 1478 punctum
1261 1445 1336 1466 vero
1353 1435 1386 1464 in
1405 1445 1487 1476 aqua
1507 1434 1623 1475 haeret,

288 1491 433 1522 distantia
455 1490 526 1521 haec
546 1489 690 1531 adaequat
713 1495 748 1529 ξ’,
770 1489 819 1519 siu
838 1494 945 1519 contra
967 1495 1126 1531 punctum
1146 1488 1246 1519 liaeret
1266 1488 1299 1518 in
1321 1487 1422 1530 aqua,
1445 1488 1536 1519 oculo
1563 1500 1623 1531 po—

287 1546 344 1575 sito
366 1546 398 1575 in
424 1544 522 1583 vitro,
548 1543 694 1574 distantia
717 1556 755 1570 z
775 1549 799 1580 ὲ,

331 1599 366 1627 2⁰
397 1597 519 1628 Oculus
544 1597 578 1627 in
611 1596 678 1638 ipsa
706 1595 873 1638 superficie
905 1595 1068 1627 dirimenti
1094 1596 1119 1626 si
1152 1600 1320 1635 movetur,
1354 1605 1418 1637 quo
1448 1594 1574 1637 longius
1605 1606 1622 1625 a

1476 1718 1514 1724 ,-
1531 1710 1538 1721 3

347 1716 379 1744 (ι)
397 1717 426 1737 111
445 1714 547 1737 transitu
563 1722 592 1737 ex
608 1716 661 1737 aare
682 1714 706 1736 in
720 1721 821 1744 aquam,
837 1721 859 1736 m
875 1714 986 1745 adaequat
1004 1715 1099 1738 circiter
1117 1714 1349 1749 }‚ete1·gon=†‚
1360 1713 1424 1735 unde
1446 1706 1514 1752 {-
1526 1725 1543 1743 3
1559 1714 1621 1742 ,i.e.

287 1769 339 1791 axis
363 1773 509 1791 transversus
538 1777 561 1792 se
581 1769 655 1792 habet
678 1768 708 1791 ad
733 1768 925 1798 horizontalem,
956 1769 992 1793 uti
1016 1777 1039 1792 se
1066 1769 1139 1793 habet
1159 1771 1173 1793 3
1191 1769 1220 1792 ad
1242 1770 1264 1792 8.
1293 1770 1322 1792 In
1343 1768 1447 1792 transitu
1469 1772 1498 1791 ex
1521 1769 1573 1790 aere
1595 1768 1620 1790 iu

286 1823 388 1850 vitrum,
399 1828 465 1844 m=
476 1819 492 1855 ξ
505 1840 511 1851 ‚
529 1831 544 1845 n
556 1831 593 1844 z
605 1824 633 1854 ξ,
644 1816 735 1862 unde}¹
746 1831 783 1845 Ξ
802 1821 834 1855 ἓ,
845 1823 919 1852 idest,
930 1824 982 1847 axis
990 1829 1147 1851 transversus,
1154 1824 1184 1847 ad
1194 1823 1396 1848 horizontalemse
1406 1822 1478 1846 habet
1487 1822 1524 1845 uti
1533 1822 1546 1844 8
1557 1822 1587 1845 ad
1597 1815 1619 1836 9*

285 1883 412 1906 Sidemum
421 1882 538 1913 agiturde
547 1884 607 1912 aqui«
619 1888 641 1905 et
653 1883 823 1917 vin-o,m·:}
835 1901 843 1910 ,
855 1892 870 1907 n
882 1893 920 1908 Ξ
936 1882 953 1918 3}
969 1886 1034 1908 unde
1055 1877 1075 1924 Ξ,
1095 1893 1132 1909 :z
1151 1893 1179 1913 2,
1197 1885 1287 1908 seilicet
1302 1883 1354 1907 axis
1364 1883 1445 1906 minor
1461 1890 1483 1905 se
1499 1882 1571 1905 habet
1587 1881 1619 1904 ad

285 1944 354 1960 axem
368 1937 496 1966 majorem,
514 1941 541 1959 ut
558 1937 637 1959 unitas
657 1938 687 1960 ad
706 1939 838 1962 binarium.
858 1940 999 1963 Generatim
1016 1941 1069 1964 axis
1086 1946 1235 1964 transversus
1249 1939 1293 1962 erit
1311 1946 1339 1962 eo
1357 1938 1451 1969 longior
1470 1945 1518 1968 quo
1536 1938 1620 1961 minus

285 1987 364 2010 media
379 1987 547 2017 discrepabunt
564 1987 626 2010 inter
641 1994 664 2010 se
680 1988 705 2011 vi
723 1988 871 2019 refringeudi
890 1991 981 2013 lumen.
