1763 2511
833 167 848 210 <
871 166 914 208 96
937 165 951 207 )

232 247 385 279 delictum
406 243 561 274 indirecte
583 241 732 283 pertinet.
761 240 895 278 Quoties
915 239 1023 281 itaque
1047 239 1202 270 indicium
1224 239 1283 271 sub
1307 252 1369 271 una
1390 241 1440 273 vel
1463 243 1559 275 altera

231 312 269 331 ex
290 299 337 329 his
358 298 467 328 fonnis
488 295 644 340 judicanti
663 295 830 333 oss'eietui,
851 292 1059 324 examinanda
1080 293 1168 335 prius
1188 294 1248 323 eiit
1271 294 1457 335 testimonii,
1483 307 1560 328 con-

231 352 387 389 fessionis,
411 350 462 382 vel
482 349 687 380 instiumenti
709 347 784 378 fides
803 346 979 377 secundum
1004 357 1057 388 leg
1049 346 1128 376 ulas
1148 347 1230 377 eima
1252 348 1430 379 testimonia
1446 372 1454 388 ,
1482 360 1560 380 con-

230 406 379 436 sessiones
395 409 427 434 et
447 404 659 433 instrumenta
680 400 892 443 Ριεθ5ονιρῑει5,
915 397 1054 437 deinde,
1064 405 1229 441 postquam
1250 400 1330 431 illud
1350 412 1484 432 examen
1501 403 1562 433 erit

231 458 434 495 institutum,
462 467 572 486 ι··ιιι5ιι5
596 453 832 485 examinabitui
845 477 853 492 ,
884 457 1042 495 quantum
1071 452 1226 483 indicium
1253 454 1358 495 ipsum
1385 455 1419 485 in
1443 466 1497 495 se,
1524 455 1563 487 ad

233 512 326 543 [idem
348 511 454 541 delicti
481 508 693 552 piaestandam
717 508 822 538 fwiat.

275 566 439 596 Postiemo
462 563 529 593 fieri
551 567 669 604 potest,
695 566 733 591 ut
751 571 790 590 ex
811 558 928 589 indicio
950 557 1053 588 oblato
1078 557 1159 588 nihil
1181 557 1269 589 aliud
1293 559 1441 591 concludi
1467 563 1564 603 possit

233 630 330 661 quam
351 616 517 648 existentia
539 615 619 645 alius
646 612 812 657 cujusdun
837 611 968 650 iudicii,
998 611 1099 642 xeluti
1124 621 1163 640 ex
1184 611 1393 644 similitudine
1418 613 1486 657 ejus
1507 616 1564 657 qui

234 673 267 702 in
286 671 354 701 loco
375 669 483 700 delicti
503 667 659 699 commissi
683 667 768 697 visus
795 671 841 696 est
861 676 935 695 cum
956 675 992 694 eo
1018 664 1086 705 ipso
1106 664 1162 705 qui
1183 662 1243 694 sub
1265 662 1384 707 judicio
1408 673 1562 699 versatur.

233 724 380 764 Namque
408 733 448 752 ex
468 722 527 751 hac
546 719 754 749 similitudine
776 717 881 758 colligi
906 722 1032 746 tantum
1056 721 1160 758 potest
1184 726 1276 747 reum
1297 717 1331 747 in
1360 717 1429 749 loco
1455 719 1564 751 delicti

234 780 422 818 praesentem
443 772 598 811 adfuisse,
619 781 684 801 non
704 780 779 801 vero
798 769 902 811 ipsum
921 768 1061 799 criminis
1080 768 1233 799 artificem
1254 770 1418 801 exstitisse.
1444 770 1568 814 Hujus—

233 827 320 858 modi
341 837 416 858 vero
441 824 613 863 indicium,
639 822 724 865 quod
747 821 903 852 indicium
924 821 1035 853 indicii
1059 827 1193 861 vocant,
1214 833 1337 853 summa
1363 834 1437 855 cum
1462 825 1567 867 suspi-

236 882 325 912 cione
351 877 552 910 tractandum
574 887 639 907 esse
660 876 726 918 ipsa
744 876 825 906 ratio
845 876 918 906 satis
939 875 1046 914 docet,
1069 876 1189 918 quippe
1209 875 1300 919 cujus
1321 877 1366 909 vis
1386 888 1426 908 ex
1446 878 1568 921 duplici

237 933 438 964 conclusione
456 930 607 974 pendeat,
629 941 768 973 quarum
787 929 912 972 singula
929 928 1061 972 singulis
1078 928 1238 961 erroribus
1255 929 1397 973 subjecta
1412 937 1459 963 est
1473 937 1569 974 atque

237 986 371 1017 obnoxia
395 984 451 1026 (1).

845 1084 868 1126 g
915 1084 967 1115 59.

709 1171 765 1201 De
796 1170 992 1200 indiciorum
1022 1181 1097 1200 usu.

286 1258 455 1300 Explorata
478 1257 671 1287 indiciorum
698 1254 776 1293 fide,
805 1255 989 1296 proximum
1010 1260 1070 1293 est,
1094 1260 1131 1285 ut
1153 1263 1331 1297 quaeratur,
1353 1258 1507 1299 quidnam
1533 1270 1574 1292 ex

241 1311 279 1341 iis
301 1310 398 1349 effici,
414 1310 493 1340 etin
514 1319 611 1351 quem
630 1319 724 1339 usum
748 1306 872 1348 singula
895 1306 1047 1348 applicari
1069 1317 1158 1348 posse
1178 1307 1359 1340 videantur.
1390 1311 1574 1344 Observan-

242 1363 320 1394 dum
331 1368 438 1392 tamen
453 1367 514 1400 est,
530 1361 675 1391 nondum
691 1360 745 1390 hic
763 1359 802 1390 de
817 1359 1008 1390 indiciorum
1029 1360 1059 1391 vi
1077 1371 1144 1391 esse
1161 1363 1380 1403 quaestionem.
1400 1363 1471 1395 Non
1487 1367 1573 1398 enim

242 1417 277 1446 in
301 1425 443 1457 praesens
464 1413 713 1445 examinandum
738 1412 818 1444 mihi
843 1424 1000 1455 propone,
1025 1424 1065 1443 an
1090 1413 1206 1444 indicia
1232 1415 1271 1445 ad
1294 1415 1384 1446 hune
1408 1417 1460 1449 vel
1481 1418 1575 1450 illum

243 1469 341 1499 finem
362 1466 593 1509 assequendum
619 1466 732 1497 idonea
753 1467 816 1496 sint
837 1466 1061 1506 existimanda,
1083 1467 1137 1498 sed
1154 1468 1188 1498 in
1208 1479 1306 1511 quem
1327 1470 1424 1501 finem
1444 1473 1574 1505 omnino

244 1522 307 1551 sint
332 1519 470 1551 directa:
495 1519 582 1562 quod
607 1519 705 1561 probe
730 1519 994 1562 distinguendum
1017 1525 1074 1550 est.
1109 1519 1184 1551 Haec
1210 1527 1319 1553 autem
1345 1524 1477 1565 quaestio
1501 1531 1575 1556 ante

244 1573 331 1604 illam
358 1573 422 1603 fuit
448 1572 690 1614 praemittenda,
722 1573 796 1614 quia
824 1584 863 1604 ex
889 1572 1012 1605 diverso
1037 1573 1230 1606 indiciorum
1256 1575 1319 1606 fine
1344 1587 1458 1620 magna
1485 1585 1575 1621 parte

245 1626 364 1669 pendet
384 1626 506 1657 diversa
526 1627 668 1668 ipsorum
691 1626 748 1658 vis.

289 1680 362 1710 Jam
383 1690 458 1711 vero
478 1678 670 1710 indiciorum
692 1690 768 1710 usus
789 1679 961 1712 admodum
981 1686 1028 1711 est
1043 1681 1160 1712 varius.
1182 1681 1318 1713 Possunt
1337 1683 1424 1714 enim
1442 1683 1574 1725 indicia,

248 1737 285 1761 ut
307 1732 397 1762 aiunt
417 1731 620 1774 pragmatici,
645 1731 697 1763 vel
716 1733 903 1763 communia
927 1743 993 1764 esse
1015 1732 1067 1765 vel
1080 1735 1240 1775 propria,
1269 1734 1302 1765 id
1325 1741 1390 1775 est,
1415 1735 1454 1767 ad
1477 1747 1576 1779 gene-

249 1782 347 1813 ralem
372 1784 512 1814 criminis
537 1784 769 1826 suspicionem,
799 1785 850 1817 vel
878 1785 917 1816 ad
944 1791 1069 1817 certum
1093 1787 1252 1829 quoddam
1276 1787 1430 1820 delictum
1450 1789 1574 1822 referri.

250 1835 295 1866 Ea
310 1845 380 1876 quae
397 1836 536 1866 criminis
548 1837 759 1878 suspicionem
776 1837 952 1878 inducunt,
973 1844 1049 1870 sunt
1063 1850 1156 1871 causa
1171 1839 1237 1883 (2),
1259 1842 1414 1884 nequitia,
1431 1841 1574 1873 facultas.

253 1898 1573 1914 Ἣ

312 1925 346 1954 (ι)
361 1924 399 1947 Cf.
419 1925 547 1952 Cremaui,
564 1934 615 1956 cap.
635 1935 676 1955 22,
694 1928 706 1958 §
722 1936 743 1951 2.
764 1941 794 1947 —
810 1929 938 1960 Filagieri,
958 1931 1020 1961 tegle
1038 1932 1061 1954 3.

313 1964 352 1993 (2)
367 1964 418 1988 Cic.
434 1964 521 1987 Periit.
541 1965 609 1988 Orati
626 1972 717 1990 xxxn.
