1763 2511
797 182 857 239 (59
879 181 895 223 )

176 265 312 287 suorum
335 254 477 286 multum
505 254 618 285 ceteris
644 253 789 284 omnium
819 254 966 295 gentium
994 256 1189 298 praestitisse,
1218 258 1251 290 id
1278 259 1376 291 nimio
1404 263 1513 303 patriae

167 320 287 340 -amore
312 308 462 352 abreptus
488 308 575 340 dicit.
616 307 721 339 Graeci
748 307 869 350 quippe
897 308 931 338 in
955 309 1066 350 paucis
1091 315 1218 343 tantum
1248 312 1397 345 Romanis
1422 322 1513 347 erant

179 362 365 403 inferiores,
391 367 429 393 ut
449 372 467 393 e
488 359 696 404 sequentibus
715 360 896 404 apparebit,
919 363 957 393 in
977 362 1087 394 multis
1106 364 1143 395 iis
1164 372 1254 397 erant
1277 369 1466 411 superiores·

769 464 849 496 *CAR
874 465 912 497 6.

181 548 248 580 Sed
270 547 353 591 quia
376 558 441 577 non
465 546 581 578 dubito
610 565 654 571 —-
673 549 894 589 partitionem
919 549 1091 592 quandam
1115 550 1239 581 artium
1249 550 1382 593 fecisse
1407 554 1512 585 video.

223 641 261 671 In
280 640 334 680 iis,
349 651 421 683 quae
436 645 690 680 antecesserunt,
705 640 815 672 Cicero
830 640 927 681 dixit,
949 653 1146 685 quamquam
1161 644 1207 676 vis
1223 645 1367 684 oratoris,
1388 646 1513 687 profes-

179 695 290 737 sioque
309 694 376 736 ipsa
398 693 480 724 bene
501 693 628 725 dicendi
649 693 710 725 hoc
725 694 885 737 suscipere
906 706 942 726 ac
961 695 1106 737 polliceri
1125 695 1288 736 videatur,
1308 703 1344 728 ut
1367 698 1454 729 omni
1475 699 1515 730 de

179 758 231 787 re,
256 757 459 789 quaecunque
481 747 521 776 sit
542 747 718 788 proposita,
747 753 857 778 ornate
877 748 1068 790 copioseque
1093 748 1177 779 dicat
1201 755 1322 789 orator,
1347 761 1380 781 se
1405 756 1513 783 tamen

178 799 327 831 Romanis
341 799 516 841 praesertim
532 798 725 837 oratoribus,
739 799 773 829 in
789 804 876 830 tanta
891 802 1100 842 occupatione
1111 801 1198 833 urbis
1213 814 1249 833 ac
1264 803 1336 834 vitae
1351 803 1412 834 hoc
1431 816 1511 836 onus

179 852 266 884 nolle
290 853 472 895 imponere,
498 851 580 882 nihil
608 857 646 883 ut
666 851 704 882 iis
727 852 850 882 nescire
872 851 997 885 licitum
1020 854 1075 893 sit,
1102 856 1278 897 praesertim
1302 856 1388 898 quod
1409 857 1513 889 Graeci

180 906 385 949 partitionem
405 905 567 948 quandam
583 906 701 936 artium
714 904 879 946 fecissent,
895 905 1020 949 (potuit
1038 913 1147 939 autem
1160 908 1299 950 cogitare
1318 908 1358 939 de
1379 909 1513 950 Corace,

178 959 278 998 Tisia,
301 958 483 998 Aristotele,
506 958 604 1000 aliis).
621 959 728 1001 Atque
749 960 862 991 merito
884 960 972 992 addit
989 961 1116 997 Graecos
1131 961 1295 993 abundare
1315 973 1380 993 non
1394 963 1513 1003 solum,

178 1013 309 1055 ingenio
331 1018 364 1042 et
383 1012 540 1050 doctrina,
562 1011 619 1055 sed
641 1013 738 1043 etiam
759 1013 822 1043 otio
839 1019 872 1043 et
891 1013 1007 1044 studio.
1030 1014 1146 1044 Otium
1165 1015 1282 1056 partim
1305 1015 1514 1047 referendum

178 1070 226 1096 est
245 1064 286 1095 ad
296 1063 511 1094 conditionem
528 1063 715 1094 Graecorum
728 1070 871 1107 tempore
891 1065 1069 1104 Ciceronis,
1090 1066 1207 1106 quibus
1222 1067 1370 1097 universa
1391 1067 1515 1098 Graecia

176 1118 211 1148 in
233 1117 370 1148 formam
392 1117 542 1147 Romanae
557 1116 733 1158 provinciae
754 1122 835 1146 esset
855 1115 1002 1157 redacta,
1028 1128 1093 1159 quo
1113 1117 1236 1149 factum
1259 1124 1322 1158 est,
1343 1125 1382 1150 ut
1402 1121 1515 1163 reipu-

174 1170 265 1201 blicae
287 1181 353 1200 non
373 1169 510 1211 amplius
529 1179 659 1211 operam
679 1167 754 1198 dare
776 1173 916 1210 possent:
939 1169 1057 1211 partim
1073 1169 1280 1202 referendum
1306 1171 1345 1202 ad
1365 1178 1512 1205 contem-

175 1223 348 1266 plationes,
371 1228 410 1253 ut
435 1222 478 1252 ita
507 1221 628 1260 dicam,
652 1221 860 1262 theoreticam,
892 1222 1010 1265 quibus
1042 1222 1168 1254 Graecos
1196 1223 1236 1254 ab
1260 1224 1349 1255 omni
1369 1231 1512 1268 tempore

177 1286 381 1318 summopere
407 1274 577 1305 delectatos
605 1273 723 1314 fuisse,
754 1275 856 1318 iisque
880 1287 1028 1319 magnam
1060 1276 1149 1321 ejus,
1179 1288 1277 1320 quam
1303 1279 1389 1309 nacti
1416 1286 1512 1320 sunt,

176 1329 338 1373 sapientiae
368 1334 492 1371 partem
524 1327 640 1360 debere
672 1334 804 1360 constat.
846 1347 890 1356 -—-
914 1330 1004 1373 Saepe
1032 1331 1066 1362 in
1094 1331 1303 1374 sequentibus
1333 1331 1512 1365 videbimus

178 1382 364 1415 Ciceronem
389 1382 577 1413 Graecorum
602 1382 707 1413 otium
733 1394 921 1414 memorare.

785 1476 902 1508 IBIDEM.

215 1557 293 1588 Non
319 1558 410 1599 quod
435 1558 497 1588 illa
523 1563 729 1588 contemnam
757 1575 800 1583 -
829 1559 1063 1590 auctoritatem
1093 1559 1232 1590 Graecis
1262 1566 1473 1603 anteponam.

221 1640 277 1670 Est
296 1638 365 1670 haec
384 1639 514 1682 quidem
534 1639 618 1679 laus,
641 1651 738 1682 quam
759 1639 869 1671 Cicero
886 1640 946 1672 hoc
968 1641 1037 1672 loco
1059 1641 1178 1673 Graecis
1192 1642 1319 1674 dicendi
1337 1643 1510 1676 artificibus

176 1697 210 1724 et
228 1691 409 1724 doctoribus
431 1692 560 1733 tribuit3
586 1693 740 1725 nimirum
761 1693 877 1725 horum
896 1696 1011 1738 scripta
1030 1693 1073 1727 it'a
1094 1707 1160 1727 esse
1182 1697 1367 1739 perspicua,
1386 1702 1456 1728 uta
1476 1708 1508 1729 se

175 1746 438 1788 interpretatione
450 1757 557 1789 neque
567 1747 708 1778 ornatius
722 1748 893 1790 explicari,
909 1760 1016 1792 neque
1031 1749 1158 1792 planius
1169 1750 1308 1793 exprimi
1323 1750 1452 1792 possint.
1466 1769 1510 1775 —

177 1798 383 1841 Quamquam
408 1805 516 1830 autem
541 1810 665 1832 summo
692 1801 760 1833 viro
785 1801 878 1833 facile
906 1802 1132 1843 concedamus,
1158 1803 1244 1846 quod
1266 1803 1377 1845 patriae
1402 1814 1508 1835 amore

173 1851 311 1892 ductus,
335 1852 491 1883 Romanos
515 1854 621 1895 potius
641 1865 738 1896 quam
760 1854 886 1887 Graecos
906 1857 941 1887 in
956 1856 1005 1887 his
1030 1856 1159 1899 dialogis
1180 1855 1347 1899 loquentes
1366 1856 1507 1888 induxe-

175 1905 235 1944 rit,
250 1905 414 1936 neminem
432 1911 540 1937 tamen
556 1906 740 1939 Graecarum
755 1909 936 1942 Literarum
950 1910 1126 1942 studiosum
1139 1910 1238 1941 latere
1257 1910 1383 1953 opinor,
1401 1921 1506 1952 quan-

176 1963 286 2001 topere
301 1958 441 2002 plurima
456 1965 617 2003 praecepta
637 1961 723 1993 iniis
738 1962 853 2009 tradita
872 1964 1114 1996 transmarinam
1133 1963 1309 1995 doctrinam
1330 1963 1502 1995 redoleant.

1116 2026 1132 2043 2
