1763 2511
706 306 1012 365 INDEX

362 482 432 512 DE
486 479 885 511 DELICTORUM
939 481 1348 516 PROBATIONE.

190 692 487 722 PROLEGOMENA
514 715 1288 728 ................
1326 708 1445 729 PAolNA
1508 702 1524 729 5

468 752 471 754 ’
711 764 813 794 PARS
859 764 1001 795 PRIMA.

190 837 245 866 De
257 836 333 878 fide
349 836 565 878 judiciaria,
590 838 661 868 sive
687 837 726 868 de
749 838 946 870 certitudine
971 839 1019 870 ad
1037 840 1320 872 condemnandam
1347 844 1523 885 requisita.

187 909 203 945 §
248 919 273 936 1.
295 909 404 945 Quanti
425 910 461 937 sit
483 911 620 938 momenti
642 910 823 939 certitudinis
846 911 1045 941 determinatio
1066 913 1102 942 ad
1126 915 1318 944 extruendum
1340 916 1445 955 proba-

320 958 433 987 tionum'
459 965 579 999 systema
616 980 1444 994 .................
1489 967 1524 994 14

189 1006 206 1042 §
248 1016 275 1035 2.
298 1007 341 1035 De
368 1008 541 1036 certitudine
563 1009 593 1037 in
616 1019 718 1046 genere
722 1030 1442 1042 ...............
1488 1016 1522 1043 15

186 1055 204 1091 §
246 1056 273 1083 5.
296 1056 342 1084 An
365 1057 508 1085 certitudo
531 1057 613 1086 realis
640 1057 685 1086 vel
708 1058 867 1099 personalis
890 1060 928 1090 sit
954 1061 1074 1089 dicenda
1079 1082 1443 1094 ........
1488 1075 1520 1102 17

186 1107 200 1139 ξ
242 1104 271 1132 4.
294 1105 336 1133 De
361 1106 437 1134 varia
462 1106 643 1135 certitudinis
665 1114 766 1137 natura
771 1130 1441 1142 ..............
1487 1113 1523 1142 18

186 1156 200 1188 §
242 1154 270 1181 5.
294 1154 337 1182 De
362 1155 535 1185 certitudine
566 1156 767 1186 Mathematiea
770 1178 1441 1191 ..............
1486 1174 1520 1201 19

186 1202 202 1239 §
245 1203 272 1231 6.
296 1203 400 1232 Praeter
415 1205 600 1234 intuitionem
614 1217 646 1235 ac
658 1207 928 1237 demonstratiOnem
944 1209 1022 1238 nulla
1038 1210 1159 1249 intelligi
1174 1218 1270 1251 potest
1285 1212 1438 1241 certitudo.
1483 1222 1516 1240 21

185 1250 202 1287 §
244 1262 271 1288 7.
295 1252 337 1280 De
362 1253 428 1281 fidei
455 1254 598 1283 historicae
621 1263 708 1297 atque
731 1257 858 1296 juridicae
882 1258 1072 1288 fundamento
1075 1281 1439 1290 ........
1484 1272 1518 1290 22

182 1300 200 1336 §
241 1300 268 1329 8.
292 1302 334 1329 De
357 1303 530 1331 certitudine
558 1304 774 1343 Metaphysica‚
799 1306 919 1344 Physica
945 1314 973 1335 et
996 1307 1099 1336 Morali
1125 1329 1438 1338 .......
1481 1311 1518 1339 23

181 1347 198 1384 §
240 1359 267 1386 9.
291 1349 438 1378 Doctrinae
457 1350 622 1388 Filangierii
646 1353 719 1380 circa
744 1354 948 1383 certitudinem
972 1357 1114 1393 expositio
1138 1364 1165 1385 et.
1188 1358 1334 1386 refutatio.
1379 1379 1386 1386 .
1429 1379 1437 1386 .
1480 1359 1519 1387 24

181 1396 198 1433 §
222 1406 266 1424 10.
289 1397 331 1425 De
354 1399 536 1427 certitudinis
555 1401 668 1429 moraliS
689 1412 822 1430 mensura
865 1423 1437 1435 ............
1481 1417 1515 1445 27

181 1444 198 1481 §
223 1455 267 1473 11.
290 1444 473 1476 Certitudine
496 1447 595 1477 morali
616 1449 703 1489 judex
723 1451 759 1478 ad
781 1451 990 1488 decernendam
1009 1463 1121 1493 poenam
1140 1454 1225 1484 debet
1245 1456 1436 1495 acquiescere.
1481 1457 1517 1484 28

665 1520 769 1551 PARS
815 1521 1022 1554 SECUNDA.

179 1588 235 1619 De
253 1589 513 1630 probationibus
524 1614 536 1628 ,
565 1592 636 1623 sive
662 1592 702 1623 cle
725 1594 844 1625 mediis
870 1595 994 1637 quibus
1011 1597 1105 1639 fides
1122 1597 1315 1640 judiciaria
1336 1600 1511 1632 obtinetur.

169 1643 172 1646 ’
677 1665 804 1696 CAPUT
847 1668 1017 1699 PRIMUM*

596 1734 644 1763 De
675 1736 897 1774 probationibus
925 1740 954 1767 in
975 1750 1089 1778 genere.

175 1802 191 1835 §
214 1808 260 1828 12.
282 1799 361 1838 Quid
390 1801 426 1830 sit
450 1801 583 1841 probatio
604 1824 1428 1840 .................
1473 1822 1506 1849 29

177 1848 194 1885 ς
218 1849 262 1878 13.
286 1850 328 1878 De
349 1850 518 1890 probatione
541 1852 625 1891 plena
650 1861 677 1882 et
701 1855 797 1884 minus
822 1856 918 1896 plena.
961 1879 968 1887 .
1012 1879 1019 1886 .
1063 1879 1070 1887 .
1115 1879 1122 1887 .
1165 1880 1173 1888 .
1217 1880 1225 1888 .
1267 1881 1276 1888 .
1318 1881 1325 1888 .
1369 1881 1376 1888 .
1419 1882 1426 1888 .
1471 1861 1506 1888 30

175 1897 194 1933 §
215 1898 260 1926 14.
283 1899 325 1927 De
348 1899 517 1939 probatione
541 1909 568 1929 et
591 1903 626 1930 de
654 1903 855 1943 reprobatione
858 1926 1426 1937 ............
1470 1910 1503 1937 31

174 1949 190 1981 §
213 1947 258 1975 15.
280 1947 326 1976 An
350 1949 434 1977 etiam
458 1950 488 1977 in
510 1951 711 1990 reprobatione
737 1953 822 1993 plena
845 1956 1010 1995 requiratur
1033 1955 1165 1996 probatio
1168 1977 1427 1986 ......
1471 1958 1506 1985 32

175 1994 193 2031 S
216 1995 260 2024 16.
282 1996 393 2027 Divisio
415 1998 619 2039 probationum
640 2002 863 2034 fundamentalis
895 2012 898 2015 ·
906 2025 1422 2034 ...........
1468 2006 1504 2035 33
