1820 2568
879 187 1000 231 (40)

281 273 352 309 Quo
377 270 457 299 sacto
484 266 577 297 multi
603 275 640 296 ex
665 263 743 295 urbe
764 263 933 301 exierunt,
962 266 1029 292 tum
1057 259 1160 303 gravis
1183 265 1372 298 armaturae,
1398 265 1468 290 tum
1492 260 1605 293 leviter

280 322 390 354 armati
406 320 538 359 milites,
562 319 706 361 quinimo
727 317 849 359 equites
870 315 995 346 circiter
1015 313 1226 356 septuaginta.
1254 312 1408 351 Quotidie
1428 313 1527 355 igitur
1545 326 1604 356 pa-

280 375 425 406 bulatum
445 373 589 412 exibant,
612 377 644 403 et
659 371 754 414 lignis
770 368 982 411 frugibusque
1001 378 1038 397 ex
1057 367 1139 409 agris
1162 377 1270 397 secum
1286 366 1398 396 sumtis
1414 366 1447 395 in
1466 366 1605 397 Piraeum

280 429 414 467 reversi,
444 427 508 458 illic
530 424 757 468 pernoctabant
776 423 833 465 (1).
866 423 908 453 At
926 421 1123 452 urbanorum
1145 431 1239 451 nemo
1262 431 1335 450 cum
1361 420 1455 456 armis
1479 419 1603 460 exibat3

281 480 476 513 solummodo
506 479 629 521 equites
662 487 895 519 nonnunquam
921 486 994 514 eos,
1024 475 1080 516 qui
1109 473 1287 516 praedatum
1316 484 1333 503 e
1358 473 1458 503 Piraeo
1490 473 1605 515 egressi

281 540 388 573 erant,
404 532 611 570 invadebant,
630 541 764 574 eosque,
784 529 839 573 qui
853 529 902 559 his
916 527 1060 571 praesidio
1081 533 1185 565 erant,
1207 525 1411 556 infestabant:
1434 537 1496 568 qua
1513 537 1606 556 occa-

281 589 368 618 sione
385 591 506 617 mutuae
525 583 643 616 fiebant
661 583 773 615 caedes.
795 583 919 613 Accidit
933 582 1038 620 enim,
1059 587 1096 612 ut
1110 581 1143 611 in
1159 580 1399 611 AExoniensium
1414 580 1461 621 (2)
1477 579 1607 622 (populi

282 639 412 681 Atticae)
435 637 603 681 quosdam,
622 647 693 668 suos
714 636 748 666 in
770 647 859 678 agros
883 634 922 665 ad
945 634 1050 666 solitos
1072 633 1194 664 labores
1213 639 1381 672 exeuntes,
1406 632 1604 672 inciderent,

284 704 377 735 quos,
395 691 535 723 multum
555 691 669 721 frustra
685 689 907 731 deprecante5‚
928 687 1100 718 trucidavit
1118 686 1338 729 LysiinachuS,
1359 686 1506 728 equitum
1524 696 1608 727 prae-

284 747 402 785 fectus,
429 755 612 787 quanquam
633 742 665 773 id
680 742 810 773 moleste
823 741 915 772 multi
935 741 1057 782 equites
1075 740 1211 777 ferrent,
1234 744 1266 769 et
1289 739 1421 770 vicissim
1441 739 1480 777 ii,
1501 738 1606 780 quiin

283 800 383 829 Piraeo
409 803 513 835 erant,
541 795 775 831 Callistratum,
803 804 886 834 equo
909 797 1088 821 merentem
1114 801 1132 821 e
1159 790 1246 820 tribu
1269 789 1443 829 Leontide,
1471 791 1505 820 in
1533 802 1607 832 agro

285 856 430 892 captum,
456 847 651 878 occiderunt.
679 846 759 876 Nam
780 844 815 875 hi
839 850 941 875 tantos
965 843 1030 887 jam
1054 843 1174 873 animos
1199 841 1372 885 gerebant,
1396 847 1434 873 ut
1457 841 1608 874 suburbia

284 901 490 934 incenderent
510 899 577 941 (3),
610 899 781 940 ipsumque
810 896 897 928 urbis
921 907 1052 927 murum
1081 894 1343 937 aggrederentur.
1374 895 1450 925 Erat
1479 901 1549 926 tum
1575 896 1607 926 in

284 955 380 993 urbe,
403 955 428 984 si
449 952 482 983 id
501 962 629 994 quoque
648 950 782 993 dignum
795 955 854 988 est,
871 948 957 992 quod
975 953 1187 987 memoretur,
1207 947 1430 978 machinarum
1449 947 1611 979 fabrican-

285 1008 397 1039 darum
418 1005 548 1044 artifex,
576 1005 632 1046 qui
654 1015 728 1034 cum
755 1003 963 1045 cognovisset,
992 1012 1045 1032 eos
1066 1000 1155 1044 juxta
1178 1000 1330 1032 curriculi
1351 1000 1475 1041 locum,
1501 1002 1557 1044 qui
1575 1014 1609 1034 se

285 1060 464 1105 porrigebat
491 1071 508 1090 e
533 1060 655 1101 Lyceo,
684 1068 723 1088 ex
746 1056 876 1088 adverso
902 1055 995 1086 Piraei
1024 1054 1099 1092 sito,
1126 1045 1288 1084 machinas
1312 1065 1378 1095 esse
1405 1054 1608 1095 admoturos,

287 1115 378 1159 jussit
402 1113 550 1156 plaustris
573 1111 678 1141 omnia
708 1110 847 1151 ingentis
872 1107 962 1139 molis
989 1118 1061 1138 saxa
1088 1107 1169 1137 istuc
1196 1107 1331 1146 vectari,
1358 1113 1390 1138 et
1412 1107 1610 1151 ubicumque

287 1168 407 1201 vellent
440 1167 474 1197 in
507 1163 667 1196 curriculo
689 1162 743 1193 illa
777 1161 880 1205 abjici.
920 1161 966 1191 Ita
1002 1160 1081 1203 lapis
1116 1161 1252 1202 quisque
1281 1160 1421 1192 multum
1452 1161 1611 1194 facessivit

287 1221 405 1264 negotii
428 1219 484 1261 (4).

331 1274 463 1305 Interim
488 1272 520 1303 X
542 1271 603 1304 viri
627 1281 691 1302 non
711 1274 838 1300 tantum
861 1269 896 1299 in
915 1267 1010 1299 rebus
1031 1265 1182 1310 publicis,
1210 1277 1323 1299 verum
1346 1267 1442 1298 etiam
1464 1268 1610 1310 privatis,

289 1327 421 1360 eandem
444 1325 606 1369 injustitiae
631 1324 714 1356 viam
738 1323 870 1365 ingressi
895 1327 988 1360 sunt,
1015 1332 1110 1363 quam
1130 1320 1254 1351 iverant
1278 1320 1378 1351 XXX
1400 1322 1537 1364 tyranni.
1562 1322 1611 1353 De

289 1381 420 1424 privatis
437 1390 540 1411 unum
553 1375 774 1409 tantummodo
790 1386 900 1407 eorum
915 1378 1018 1405 exstat
1033 1372 1187 1416 ejusmodi
1201 1372 1339 1412 factum,
1357 1384 1395 1404 ex
1411 1385 1475 1416 quo
1489 1380 1611 1414 tamen,

290 1432 560 1477 quemadmodum
588 1442 627 1461 ex
653 1440 764 1472 ungue
788 1428 913 1460 leonem
941 1437 1110 1470 agnoscaS,
1134 1427 1176 1456 ita
1203 1426 1296 1456 facile
1320 1426 1477 1469 reliquam
1501 1438 1614 1458 eorum

291 1486 404 1530 agendi
423 1485 577 1516 rationem
596 1482 803 1526 perspexeris.
830 1480 955 1512 Accidit
975 1480 1078 1516 enim,
1096 1484 1135 1509 ut
1154 1478 1328 1518 Patrocles,
1350 1480 1405 1521 qui
1421 1485 1491 1510 tum
1508 1479 1614 1522 legem

293 1539 403 1582 agebat
429 1548 607 1575 sacrorum,
633 1547 707 1567 eum
733 1535 834 1565 amico
865 1533 1003 1576 quodam
1029 1531 1214 1571 a111hulanS‚
1242 1531 1434 1563 Callimacho
1464 1532 1613 1572 cuidam,

294 1593 420 1623 inimico
445 1603 518 1630 suo,
544 1589 670 1621 obviam
692 1589 798 1627 fieret,
828 1587 997 1629 pecuniam
1023 1586 1151 1616 ferenti.
1178 1584 1238 1616 Cui
1259 1596 1333 1616 cum
1354 1586 1524 1627 pecuniam
1548 1586 1615 1616 eri-

296 1655 371 1687 pere
396 1643 490 1675 vellet
514 1642 690 1681 Patrocles,
718 1640 816 1678 dixit,
848 1651 918 1671 eam
942 1639 1098 1682 publicari
1125 1637 1260 1678 debere,
1293 1638 1378 1681 quod
1406 1649 1446 1669 ex
1472 1638 1510 1669 iis
1534 1644 1616 1670 esset

298 1696 524 1735 Callimachus,
553 1696 609 1738 qui
630 1696 664 1725 in
684 1694 824 1725 Piraeum
849 1693 1076 1734 confugissent.
1099 1690 1172 1730 Qua
1194 1690 1233 1721 de
1255 1701 1290 1722 re
1309 1691 1511 1722 contentione
1531 1691 1614 1730 orta,

298 1750 450 1790 factisque
474 1749 593 1779 mutuis
621 1747 791 1786 conviciis,
831 1757 906 1777 cum
937 1744 990 1775 alii
1018 1743 1113 1775 multi
1145 1748 1398 1782 concurrerunt,
1433 1748 1502 1773 tum
1532 1743 1615 1774 forte

360 1870 398 1899 (1)
416 1868 525 1898 Xenoph.
539 1868 551 1897 §
568 1868 603 1890 25.
621 1868 724 1898 Lysias,
738 1876 782 1898 pro
799 1868 896 1897 Polyst.
912 1874 936 1896 p.
951 1866 1004 1896 569.
1022 1867 1099 1888 Isocr.
1116 1866 1145 1887 de
1160 1864 1237 1895 bigis,
1253 1872 1277 1895 p.
1295 1865 1348 1888 332.

361 1910 394 1939 (2)
412 1908 469 1931 Vid.
489 1907 614 1937 lVyttenb.
626 1907 642 1929 l.
657 1907 673 1930 Ι.
687 1915 712 1937 p.
727 1908 778 1930 413.
791 1908 828 1931 Cf.
839 1908 993 1934 palmerius,
1005 1906 1118 1928 Exercit.
1128 1906 1162 1928 ad
1170 1909 1280 1928 auctores
1294 1906 1337 1928 Gr.
1347 1922 1355 1933 ,
1369 1913 1392 1936 p.
1403 1905 1445 1935 67,
1456 1910 1480 1929 et
1494 1906 1615 1930 Valcken.

302 1949 418 1973 Diatribe
436 1949 539 1977 Eurip„
557 1954 582 1977 p.
604 1955 655 1977 ²92·

362 1988 394 2017 (5)
412 1988 488 2010 Isocr.
508 1986 570 2009 lbid.
843 1985 876 2015 (4)
895 1984 1003 2014 Xenoph.
1022 1984 1034 2013 §
1051 1984 1090 2013 26,
1113 1991 1160 2014 seq.
