1820 2568
891 221 908 263 (
930 231 970 252 20
990 222 1006 262 )

295 309 428 331 servare.
462 297 585 328 Annuit
609 296 680 335 ille,
709 295 733 325 si
759 294 850 325 modo
876 294 959 325 foret
979 294 1091 325 multa.
1117 295 1205 325 Dixit
1226 295 1334 337 itaque
1358 295 1479 337 Lysias,
1507 306 1539 326 se
1562 307 1615 326 ar—

294 352 379 395 genti
403 350 558 381 talentum
579 348 714 379 libenter
737 358 802 378 esse
823 347 985 378 daturum.
1012 346 1176 378 Consentit
1193 347 1263 387 ille,
1284 347 1341 378 sibi
1361 348 1489 390 suisque
1506 349 1615 390 perni-

293 406 373 436 ciem
405 405 615 446 imprecamS,
642 402 675 432 ni
699 401 829 432 faceret.
870 400 951 430 Dein
985 400 1090 442 Lysias
1107 423 1115 439 ,
1148 400 1356 440 cubiculum,
1387 412 1450 444 quo
1479 401 1616 443 pecunia

293 457 491 496 servabatur,
518 456 694 498 ingressus,
720 464 824 484 arcam
855 453 966 494 aperit.
999 452 1095 491 Quod
1122 462 1224 495 quum
1245 453 1510 485 animadverteret
1529 454 1615 493 Piso,

293 509 471 552 ingreditur
498 518 643 550 quoque,
673 507 911 549 conspectisque
939 505 997 544 iis,
1025 516 1097 547 quae
1123 506 1269 546 inerant,
1296 506 1374 538 duos
1399 518 1437 538 ex
1465 507 1616 538 ministris

294 568 399 601 vocat,
418 561 587 604 jubetque,
611 571 681 602 quae
699 560 733 590 in
748 571 818 590 arca
834 564 939 598 erant,
959 558 1098 589 auferre.
1120 558 1184 589 Ubi
1203 565 1311 590 autem
1329 559 1412 590 ultra
1428 559 1477 599 id,
1499 559 1538 590 de
1551 571 1615 602 quo

293 616 376 645 inter
396 614 465 645 illos
485 619 614 656 pactum
635 619 717 652 erat,
741 613 799 643 tria
823 617 933 642 nactus
955 617 1036 642 esset
1055 612 1178 654 argenti
1201 611 1318 642 talenta
1331 636 1339 651 ,
1369 612 1616 655 quadringentos

295 667 481 710 Cyzicenos,
505 672 635 697 centum
659 666 808 704 Daricos,
835 670 1022 707 paterasque
1042 665 1173 706 insuper
1198 671 1335 707 quatuor
1355 671 1535 708 argenteas,
1561 677 1617 696 ro-

294 721 379 762 gavit
401 730 476 750 eum
499 720 622 761 Lysias,
651 719 801 749 viaticum
827 717 937 747 saltem
958 716 1015 747 sibi
1044 717 1242 748 concederet.
1279 718 1322 748 At
1347 718 1418 758 ille,
1445 718 1615 760 praeclare,

291 773 417 814 inquit,
440 777 547 802 tecum
567 773 617 812 agi
641 771 800 808 existima,
824 769 849 798 si
872 768 977 800 mlvus
999 769 1150 799 evaseris!

335 823 535 854 Exeuntibus
555 828 661 852 autem
682 822 743 851 illis
764 820 888 850 obviam
912 819 989 848 facti
1010 825 1085 849 sunt
1106 820 1261 851 Melobius
1281 828 1313 852 et
1333 823 1554 863 Mnesitbides,
1575 836 1616 855 ex

292 876 414 907 officina
439 874 610 911 abeuntes,
641 873 697 914 qui
718 883 792 902 cum
813 882 864 902 eos
890 872 923 901 in
950 871 1024 912 ipsis
1050 871 1172 903 foribus
1195 874 1521 916 comprehenderent,
1552 887 1616 918 quo

292 928 473 965 tenderent,
494 927 701 967 interrogant.
727 925 780 954 Ait
801 925 888 962 Piso,
913 934 946 954 se
965 923 1005 954 ad
1027 923 1272 957 Polemarchum
1291 928 1356 967 ire,
1379 934 1432 967 ut,
1452 940 1523 970 quae
1540 929 1617 960 huic

293 982 377 1013 domi
399 985 522 1018 essent,
553 978 770 1021 perlustraret.
803 978 887 1008 Eum
913 977 1012 1019 igitur
1040 978 1087 1008 ire
1114 978 1245 1021 jubent,
1277 981 1399 1022 Lysiam
1426 992 1501 1012 vero
1525 993 1557 1012 se
1577 982 1617 1013 ad

292 1034 508 1076 Damnippum
530 1033 595 1063 sive
616 1031 844 1073 Damasippum
864 1029 1035 1071 quemdam
1055 1029 1168 1073 (cujus
1184 1033 1217 1062 in
1234 1033 1354 1064 aedibus
1375 1034 1617 1076 comprehensos

295 1086 480 1127 servabant)
511 1085 663 1116 comitari.
699 1084 783 1115 Tum
814 1082 965 1114 accedens
997 1083 1068 1114 Piso
1093 1084 1217 1126 Lysiam
1247 1091 1350 1116 tacere
1382 1092 1414 1116 et
1443 1086 1525 1118 bono
1551 1098 1617 1119 esse

293 1141 397 1171 animo
421 1138 526 1182 jubet,
547 1150 621 1169 nam
641 1143 673 1168 et
692 1148 724 1168 se
744 1137 821 1168 illuc
843 1142 1029 1169 venturum.
1053 1137 1227 1169 Inveniunt
1250 1145 1358 1170 autem
1384 1139 1427 1170 ihi
1452 1140 1617 1183 Theogni-

295 1195 382 1233 ‹lem,
410 1193 502 1231 alios,
530 1203 608 1235 quos
636 1191 698 1236 jam
729 1196 898 1233 ceperant,
931 1190 1182 1231 custodientem,
1211 1193 1263 1223 cui
1287 1203 1389 1235 quum
1417 1193 1618 1224 tradidissent

293 1247 431 1289 Lysiam,
452 1245 567 1276 abiere.
586 1245 621 1275 In
641 1244 696 1275 tali
716 1250 824 1275 autem
840 1243 1022 1274 discrimine
1036 1244 1158 1287 Lysias,
1180 1244 1235 1276 ubi
1254 1245 1392 1285 videret,
1411 1245 1469 1276 sibi
1488 1245 1617 1290 jamjam

294 1311 357 1331 esse
382 1297 627 1337 intereundum,
652 1297 764 1339 fugam
788 1296 953 1339 cogitabat.
990 1297 1208 1340 Daumippum
1237 1299 1335 1341 igitur
1359 1309 1500 1330 seorsum
1522 1311 1619 1331 voca·-

294 1360 380 1392 tum,
394 1352 443 1383 his
456 1351 559 1384 verbis
579 1349 799 1393 compellavit:
825 1349 1094 1390 »Necessarius,”
1112 1351 1171 1390 ait,
1195 1362 1213 1382 ))
1228 1352 1307 1382 mihi
1324 1363 1370 1391 es,
1389 1358 1422 1383 et
1435 1352 1616 1393 familiaris,

295 1420 313 1439 )›
335 1408 369 1438 in
390 1406 473 1438 aedes
489 1411 558 1436 tuas
579 1405 688 1444 venio;
709 1404 790 1435 nihil
812 1410 918 1435 tamen
939 1403 1065 1435 sceleris
1081 1404 1208 1444 admisi,
1230 1405 1284 1436 sed
1300 1411 1429 1448 propter
1447 1406 1615 1447 pecunias,

294 1473 313 1492 ))
337 1471 414 1503 quas
434 1459 550 1498 habeo,
578 1464 684 1489 actum
703 1463 750 1488 est
774 1458 814 1489 de
834 1469 903 1489 mea
926 1458 1038 1489 salute.
1067 1458 1118 1489 Tu
1137 1459 1246 1501 itaque
1271 1458 1344 1489 talia
1367 1459 1443 1490 mihi
1472 1470 1618 1501 perpesso

294 1526 312 1545 ))
335 1514 469 1545 alacrem
494 1519 581 1544 tuam
603 1523 731 1554 operam
757 1512 790 1542 in
815 1512 949 1543 salutem
971 1523 1075 1543 meam
1099 1512 1242 1554 praestes!
1256 1511 1273 1524 ”
1309 1530 1352 1536 -—
1389 1511 1563 1542 Pollicetur
1586 1522 1619 1543 se

293 1568 464 1598 facturum.
490 1566 690 1608 Damnippus
705 1576 780 1608 ergo
799 1576 908 1597 versus
928 1566 1007 1596 atria
1024 1566 1106 1605 exit,
1126 1570 1164 1596 ut
1183 1564 1361 1607 Theognidi
1379 1565 1493 1606 (quem
1512 1565 1618 1595 omnia

295 1621 455 1651 facturum
474 1619 699 1658 arbitrabatur,
720 1618 745 1649 si
765 1619 836 1661 quis
855 1619 1026 1661 pecuniam
1048 1618 1196 1660 offerret)
1218 1623 1410 1660 proponeret
1431 1629 1467 1648 ae
1487 1628 1620 1660 persua-

291 1673 404 1712 ·deret,
433 1673 559 1715 accepta
587 1671 741 1715 pecunia,
771 1672 897 1715 Lysiam
923 1671 1046 1703 salvum
1072 1670 1215 1702 reddere.
1244 1670 1305 1701 Hic
1337 1671 1468 1701 interim
1501 1670 1619 1701 aedium

297 1726 432 1768 perituS‚
454 1736 567 1767 easque
587 1725 705 1756 bifores
729 1735 795 1755 esse
817 1724 935 1763 sciens,
963 1734 1021 1765 per
1045 1723 1144 1762 fores,
1171 1734 1242 1765 qua:
1265 1735 1282 1754 a
1306 1724 1478 1766 posteriore
1505 1722 1618 1754 domus

296 1784 385 1821 parte
409 1783 513 1816 erant,
542 1788 684 1821 quasque
707 1783 830 1820 apertas
853 1777 1051 1816 inveniebat,
1077 1788 1109 1808 se
1131 1777 1295 1819 surripuit.

340 1832 510 1873 Postquam
521 1830 560 1860 ad
572 1831 729 1862 Archenei
744 1832 810 1864 sive
829 1831 991 1863 Archimai
1002 1831 1036 1862 in
1046 1831 1147 1861 Piraeo
1163 1830 1293 1861 domum
1314 1835 1516 1872 pervenerat,
1531 1828 1620 1861 hunc

302 1883 337 1918 in
366 1883 479 1915 urbem
506 1883 604 1913 mittit
630 1883 669 1914 de
698 1884 905 1916 Polemarcho
936 1884 1189 1923 sciscitaturum,
1223 1884 1278 1926 qui
1313 1894 1458 1915 reversus
1493 1889 1619 1923 narrat,

299 1937 539 1970 Eratosthenem
561 1948 652 1975 eum,
676 1938 709 1968 in
729 1939 777 1970 via
798 1939 924 1971 obviam
944 1933 1084 1978 factum,
1104 1938 1138 1968 in
1153 1948 1310 1969 carcerem
1326 1935 1504 1968 deduxisse.
1526 1935 1620 1967 Hisce

302 1992 433 2032 auditis,
449 1991 554 2034 Lysias
575 1996 726 2034 sequente
741 1998 834 2024 nocte
848 1991 1008 2036 Megaram
1022 1991 1199 2036 navigavit,
1212 1990 1247 2022 in
1258 1989 1403 2023 libertate
1418 1989 1620 2022 Athenarum
