1763 2511
846 162 859 201 (
889 161 963 202 ¹⁰)

824 254 896 285 CAP.
930 255 980 283 11.

241 330 321 362 Tum
349 331 424 368 ille,
452 341 516 361 non
541 340 634 366 sum,
671 328 797 371 inquit,
829 327 961 357 nescias
985 344 1028 350 —
1058 325 1257 364 Graeculos,
1285 328 1459 366 homines,
1489 339 1570 360 con-

560 383 715 413 tentionis
741 380 928 422 cupidiores
954 391 1056 422 quam
1082 380 1245 411 veritatis.

280 467 315 496 In
338 467 400 496 fine
419 465 589 508 superioris
609 465 719 507 capitis
744 462 950 494 contenderat
971 462 1108 494 Scaevola
1124 487 1132 502 ,
1162 463 1235 494 satis
1259 474 1413 506 magnum
1437 475 1520 504 esse,
1542 466 1567 496 si

238 525 343 550 orator
361 519 457 561 possit
477 524 638 560 praestare,
655 524 692 549 ut
710 517 743 547 iu
760 516 885 560 judiciis
902 526 938 546 ea
954 526 1063 555 causa,
1085 527 1312 559 quamcunque
1335 517 1433 557 dicat,
1456 518 1569 550 melior

236 578 268 602 et
290 571 480 614 probabilior
505 582 570 602 esse
591 571 755 603 videatur:
780 576 816 601 ut
840 570 873 600 in
897 569 1103 601 concionibus
1126 576 1159 600 et
1179 570 1344 601 sententiis
1369 570 1511 602 dicendis
1529 572 1568 602 ad

236 625 494 668 persuadendum
514 636 569 657 sua
592 625 768 667 plurimum
794 623 897 656 valeat
922 623 1038 654 oratio:
1065 621 1205 666 denique
1225 629 1258 655 et
1281 623 1496 666 prudentibus
1518 624 1568 655 di-

235 684 333 718 serte,
359 677 463 708 stultis
485 678 581 709 etiam
602 689 676 710 vere
701 678 807 709 dicere
832 677 989 709 videatur.
1019 677 1201 719 Respondet
1223 677 1300 708 huic
1326 676 1437 708 Cicero
1455 687 1473 708 e
1493 688 1570 720 per—

236 744 310 763 sona
334 732 453 771 Crassi,
479 733 727 774 perstringitque
753 732 895 762 doctores
917 736 949 760 et
973 730 1184 771 philosophos
1204 730 1347 769 Graecos,
1371 731 1428 772 qui
1453 730 1570 773 hujus—

236 785 322 814 modi
343 789 502 825 praecepta
523 783 686 813 traderent
709 783 829 814 futuris
853 781 1040 813 oratoribus.
1077 782 1114 812 In
1140 783 1313 825 posteriore
1337 782 1436 828 hujus
1459 784 1569 826 capitis

235 842 325 879 parte
347 847 437 867 suam
454 841 563 867 contra
583 846 620 866 ea
637 836 826 866 sententiam
848 835 971 878 profert
996 835 1106 866 Cicero
1134 835 1302 877 (videatur
1316 836 1448 867 Doctiss.
1466 836 1571 868 Nauta

196 918 199 924 ,
235 889 468 920 commentatio
496 890 530 920 in
551 888 648 920 Acad.
674 888 957 932 Rheno—Traiect.
982 895 1093 919 ornata
1117 889 1160 919 Αο
1181 890 1287 929 1819,
1316 901 1387 933 pag.
1413 891 1456 930 40
1471 908 1491 913 -
1506 890 1572 932 49)

236 953 361 973 summo
389 941 471 985 jure.
500 942 690 980 Quisenim
716 941 831 973 melius
854 941 894 973 de
919 948 985 973 arte
1003 943 1137 974 oratoria
1162 942 1307 987 judicare
1325 950 1446 986 posset,
1473 955 1571 986 quam

235 995 277 1035 is,
293 996 350 1038 qui
365 995 439 1026 inde
462 995 501 1026 ab
518 995 728 1026 adolescentia
747 995 944 1037 gravissim-as
968 1001 1000 1026 et
1020 995 1237 1027 subtilissimas
1262 1007 1370 1027 causas
1391 1002 1570 1036 tractasset,

236 1054 269 1079 et
294 1049 417 1090 scriptis
442 1049 638 1080 orationibus
668 1049 795 1080 abunde
824 1048 1005 1088 probasset,
1037 1048 1133 1091 quale
1162 1054 1243 1080 esset
1270 1060 1391 1081 munus
1417 1050 1570 1089 oratoris,

237 1101 338 1144 qualis
365 1100 405 1131 ad
426 1105 507 1131 astra
525 1099 604 1132 via?

280 1154 362 1193 Quae
384 1159 492 1184 autem
513 1158 673 1195 postremo
697 1152 800 1184 addit:
827 1153 919 1183 verbi
939 1153 1026 1183 enim
1048 1155 1424 1196 controve1=siajamclicc
1442 1161 1576 1197 torquet

242 1207 446 1243 Graeculos,
476 1207 623 1237 homines
650 1207 869 1237 conten-tionis
895 1206 1102 1248 cupi-diores,
1130 1217 1235 1248 quam
1256 1208 1432 1245 veritatis,-
1455 1219 1491 1239 ea
1507 1220 1573 1240 non

239 1260 350 1291 dubito
369 1259 539 1299 affirmare,
559 1260 638 1302 quin
649 1266 735 1291 recte
751 1271 818 1292 sese
833 1259 982 1291 habeam.
1004 1260 1081 1291 Erat
1090 1270 1165 1291 sane
1180 1260 1265 1291 inter
1275 1259 1419 1291 rhetores
1428 1261 1572 1301 Graecos,

240 1319 383 1355 tempore
407 1313 584 1353 Ciceronis,
610 1313 713 1344 inanis
737 1313 908 1356 disputatio
934 1312 974 1344 de
999 1313 1231 1355 significatione
1258 1313 1343 1345 vocis
1370 1314 1509 1351 Orator,
1541 1319 1575 1345 et

238 1366 299 1397 hoc
318 1366 424 1397 litium
446 1377 563 1408 genere
582 1378 775 1408 magnopere
793 1365 1034 1396 delectabantur
1053 1366 1104 1396 isti
1124 1366 1279 1397 homines.
1299 1366 1472 1408 Propterea
1494 1377 1573 1397 con—

240 1420 358 1450 temtfis
382 1430 475 1449 causa
498 1430 550 1449 eos
578 1419 760 1449 Graeculos
783 1424 875 1450 vocat
900 1418 1021 1449 Cicero.
1048 1419 1145 1457 Quod
1169 1430 1287 1450 nomen
1307 1431 1410 1461 quum
1436 1430 1521 1462 saepe
1539 1420 1574 1450 in

239 1478 401 1516 posterum
426 1478 586 1511 recurret,
608 1473 680 1503 satis
702 1473 742 1503 sit
759 1472 858 1504 semel
879 1473 1052 1511 monuisse,
1075 1472 1261 1503 Ciceronem
1276 1482 1313 1502 eo
1328 1478 1455 1502 tantum
1470 1473 1518 1503 uti
1534 1472 1574 1503 de

239 1525 362 1557 levibus
381 1525 448 1556 istis
465 1525 600 1564 Graecis,
628 1526 684 1568 qui
705 1537 760 1556 sua
776 1531 868 1556 aetate
889 1536 905 1555 a
925 1525 1057 1567 pristina
1077 1524 1131 1555 i-lla
1146 1524 1350 1566 simplicitate
1369 1529 1402 1554 et
1416 1523 1574 1566 elegantia

240 1579 524 1621 degeneraverant,
552 1590 649 1621 quain
674 1579 707 1609 in
730 1578 891 1611 veteribus
913 1578 975 1609 illis
998 1578 1076 1609 adeo
1099 1576 1302 1619 suspiciebat.
1327 1576 1373 1607 Ita
1394 1577 1490 1608 etiam
1512 1577 1573 1608 hoc

240 1632 307 1662 loco
326 1632 428 1663 addit:
452 1632 600 1663 homines·
621 1633 841 1663 contentionis
860 1632 1061 1674 cupidiores,
1087 1626 1190 1674 quarn
1200 1630 1364 1662 veritatis.
1386 1629 1485 1669 Quod
1497 1630 1575 1662 nul-

240 1685 295 1715 libi
314 1685 353 1716 de
374 1686 530 1728 germanis
551 1686 612 1717 illis
632 1686 827 1729 philosophis
852 1685 1069 1718 oratoribusve
1095 1684 1185 1716 dixit.
1216 1683 1283 1715 Hoc
1306 1689 1415 1715 autem
1443 1684 1575 1715 Graeco-

240 1749 313 1769 rum
337 1739 465 1780 ingenio
485 1740 616 1770 insitum
637 1746 714 1771 erat.
750 1739 832 1772 Nam
854 1741 1031 1783 Sephistae
1057 1739 1121 1784 jam
1142 1739 1276 1770 Socratis
1301 1743 1394 1770 aetate
1424 1738 1574 1779 »appel—

241 1791 401 1821 labantur
418 1792 461 1827 ii,
485 1794 544 1834 qui
562 1795 794 1825 ostentationis
815 1801 877 1825 aut
901 1796 1063 1837 quaesitis
1084 1803 1190 1824 causa
1203 1790 1578 1834 philosophabanturj*

240 1849 278 1875 ut
298 1845 342 1875 ait
358 1844 466 1876 Cicero
478 1845 574 1876 Acad.
591 1846 644 1877 lib.
661 1848 717 1888 IV,
740 1860 808 1892 cap.
831 1849 884 1880 23:
906 1849 963 1880 sed
976 1848 1121 1891 inprimis
1141 1852 1264 1890 postea,
1282 1845 1427 1877 libertate
1445 1845 1571 1884 amissa,

239 1897 434 1941 disputandi,
449 1898 530 1930 illud
562 1900 704 1932 studium
730 1903 864 1935 Athenis
890 1904 1014 1947 viguit,
1045 1911 1185 1943 cumque
1213 1911 1277 1932 non
1301 1898 1437 1942 amplius
1468 1897 1508 1930 de
1536 1909 1575 1929 re

239 1951 366 1993 publica
387 1951 548 1995 disputare
573 1961 713 1995 possent,
739 1956 772 1986 in
799 1957 1040 2000 quaestiuncul‘is
1063 1955 1102 1987 de
1122 1953 1320 1997 philosophia
1341 1952 1470 1984 laudem
1493 1962 1574 1984 acu-
