1820 2568
909 197 1024 239 (¹4)

295 275 497 308 JUDICIUM
520 273 824 307 PROFESSORUM
847 271 1014 303 ORDINIS
1030 270 1320 302 PHILOSOPHIAE
1343 271 1623 307 THEORETICAE

790 326 845 358 ET
867 324 1123 357 LlTERARUM.

339 407 428 438 Prior
453 404 582 448 quaestio
609 403 649 433 cle
683 402 835 444 Digintcz
864 401 1082 431 Athenarum
1108 400 1260 440 tyrannis
1286 399 1499 432 studiosorum
1528 400 1623 446 juve-

297 472 375 492 num
393 460 512 490 animos
532 457 570 488 ad
592 455 796 487 scribendum
821 454 980 486 excitavit.
1005 453 1126 484 Novem
1149 454 1366 495 responsiones
1384 455 1473 484 nohis
1495 455 1625 488 redditae

295 519 379 545 sunt.
401 511 528 550 Quibus
553 509 700 551 deinceps
722 507 883 551 perlectiS,
909 506 961 537 illa
983 506 1113 548 reliquis
1133 513 1281 548 pra-stare
1308 509 1369 538 visa
1395 514 1460 546 est,
1487 509 1537 539 cni
1567 508 1626 540 ad-

297 567 359 598 dita
375 565 520 597 erathaec
533 570 665 602 tessera,
683 562 823 596 Χαλεπὸν
846 564 908 595 τοῖς
923 563 1074 602 φαύλοις,
1093 565 1151 590 etc.
1168 566 1198 590 et
1215 571 1285 602 quw,
1301 567 1492 603 sequuntur.
1514 563 1625 600 Quum

296 633 369 664 ergo
390 620 587 652 convenisset
613 619 696 649 inter
718 616 910 647 Professores
932 614 972 645 (le
993 613 1123 657 prminio
1146 612 1222 644 lniic
1240 612 1507 645 Cominentationi
1528 615 1622 658 adju-

296 673 448 713 dicando,
481 684 519 704 ex
548 677 655 715 aperta
686 669 836 701 schedula
866 667 1026 710 obsignata
1060 665 1294 705 intelleximus,
1325 667 1410 698 illius
1442 669 1620 711 scriptionis

295 734 457 760 auctorem
473 737 538 757 esse
558 725 746 756 Bam-Annum
770 735 833 760 τεικτἼ
849 721 965 760 Βωκκ,
990 719 1074 751 Phil.
1096 719 1212 751 Theor.
1235 725 1267 750 et
1287 721 1367 759 Lit.,
1390 732 1448 752 nec
1470 733 1534 752 non
1551 722 1621 754 Jur.

295 782 384 812 Rom.
407 786 439 811 et
459 779 539 810 Hod.
566 777 777 809 Candidatum
799 776 832 806 in
857 774 1027 806 Academia
1054 773 1270 815 Groningana.
1295 774 1400 815 Atque
1421 774 1473 805 hic
1499 776 1547 806 vir
1571 774 1624 819 ju-

297 834 382 866 venis
403 832 582 870 arcessitus,
607 830 641 860 in
665 828 812 859 examine
829 837 861 857 se
886 826 1072 867 scriptorem
1100 825 1383 856 Commentationis
1409 826 1565 869 probavit,

337 888 593 927 Porroeseptem
612 882 743 925 reliquis
758 879 1030 923 responsionibus,
1047 890 1149 922 quum
1167 879 1253 910 duae
1274 879 1445 910 honorifica
1463 881 1624 913 mentione

294 941 397 984 dignae
418 938 564 983 judicatae
586 942 711 975 essent,
740 946 797 978 per
820 933 1039 977 ephemerides
1061 932 1205 976 publicas
1229 933 1358 964 illarum
1384 933 1474 964 nobis
1499 935 1622 977 ignotos

295 994 460 1036 scriptores
484 991 611 1021 invitari
632 989 831 1026 curavinnffi,
864 994 901 1018 ut
921 987 1050 1017 nomina
1073 998 1145 1026 sua,
1171 988 1195 1017 si
1222 987 1358 1026 vellent,
1386 988 1471 1031 apud
1498 988 1623 1020 Acade-

294 1047 365 1078 miae
394 1045 581 1076 Actuarium
603 1043 839 1086 profiterentur.
869 1039 930 1071 Sed
951 1039 1104 1070 alteruter
1125 1040 1218 1070 modo
1241 1041 1272 1070 id
1295 1041 1389 1079 fecit,
1413 1042 1624 1073 FLonENvas

293 1112 332 1132 DE
353 1099 528 1137 Bnouwen,
546 1095 796 1134 Mechliniensis,
815 1093 992 1125 Academiae
1007 1099 1121 1125 nostrae
1149 1093 1310 1124 alumnus.
1335 1094 1492 1131 Quocirca
1519 1106 1624 1126 coram

293 1153 354 1185 hac
379 1151 530 1196 panegyri
552 1149 747 1188 declaratur,
778 1148 867 1179 hunc
895 1148 995 1179 virum
1026 1146 1177 1191 juvenem
1212 1146 1298 1178 haud
1324 1148 1438 1189 exigua
1470 1147 1566 1179 studii
1593 1154 1625 1179 et

295 1206 465 1249 diligentiae
489 1204 661 1247 specimina
686 1203 720 1233 in
740 1201 800 1233 hac
827 1202 996 1245 scriptione
1020 1212 1076 1232 sua
1100 1200 1249 1239 edidisse,
1275 1212 1372 1243 seque
1394 1212 1468 1231 eum
1498 1201 1623 1243 praesti-

295 1262 382 1299 tisse,
405 1260 444 1291 de
464 1270 529 1302 quo
545 1257 650 1289 omnia
666 1256 747 1288 bona
763 1255 852 1287 nobis
872 1257 904 1286 in
922 1261 1084 1298 posterum
1104 1265 1229 1297 sperare
1247 1261 1279 1285 et
1295 1260 1478 1297 exspectare
1498 1255 1619 1286 liceret.

338 1314 388 1346 Ad
417 1313 621 1356 posteriorem
649 1311 873 1354 quaestionem,
905 1320 968 1351 qua
996 1309 1195 1339 enumeratio
1221 1314 1253 1338 et
1281 1308 1465 1351 dijudicatio
1495 1308 1624 1340 illorum

294 1368 434 1399 locorum
456 1364 693 1408 requirebatur,
715 1364 748 1394 in
771 1362 887 1406 quibus
910 1361 1020 1393 Cicero
1035 1367 1091 1393 ant
1109 1361 1295 1393 Graecorum
1316 1361 1408 1392 fidem
1427 1362 1461 1392 in
1482 1363 1624 1392 testimo-

293 1421 353 1452 niis
375 1420 542 1459 elevasset,
565 1424 620 1450 aut
640 1429 751 1448 eorum
780 1416 942 1448 levitatem
966 1417 1136 1447 insectatus
1157 1421 1252 1455 esset,
1275 1421 1330 1446 aut
1346 1427 1457 1447 corum
1477 1416 1622 1446 instituta

294 1474 469 1506 derisisset:
504 1472 543 1504 ad
564 1472 647 1504 hanc
667 1472 766 1515 igitur
786 1471 993 1514 quaestionem
1019 1481 1036 1500 e
1063 1481 1178 1512 magno
1207 1470 1328 1500 civium
1355 1460 1622 1500 Academicorum

293 1538 427 1559 numero
453 1526 580 1557 nonnisi
602 1537 687 1555 unus
713 1524 885 1566 respondit.
918 1524 958 1554 Et
977 1535 1079 1565 quum
1100 1523 1168 1554 haec
1193 1524 1353 1565 responsio
1376 1524 1417 1553 ita
1444 1529 1524 1553 esset
1546 1534 1624 1553 con-

293 1581 421 1623 scripta,
446 1585 483 1610 ut
503 1583 685 1621 appareret,
712 1578 782 1621 ejus
803 1583 966 1608 auctorem
992 1577 1106 1618 scripta
1126 1575 1286 1607 Ciceronis
1316 1576 1466 1618 deinceps
1488 1575 1620 1618 legisse,

293 1633 422 1677 praemio
442 1632 536 1674 digna
558 1631 695 1674 judicata
722 1637 777 1662 est.
801 1631 969 1673 Resignato
990 1635 1097 1661 autem
1120 1629 1280 1672 epistoliO,
1307 1629 1393 1672 quod
1415 1629 1621 1660 Commenta-

294 1687 371 1717 tioni
393 1691 503 1728 aptum
526 1690 613 1723 erat,
641 1683 727 1715 illius
748 1684 933 1726 scriptorem
960 1684 1088 1714 Panum
1112 1683 1267 1714 OTTONEM
1290 1693 1350 1713 vim
1374 1694 1430 1713 neu
1455 1682 1534 1713 Cm's
1548 1706 1556 1721 ,
1585 1682 1619 1712 in

296 1738 463 1770 Academi&
483 1737 797 1781 Lugduno-Batava,
832 1736 915 1767 Phil.
940 1736 1057 1767 Theor.
1080 1742 1112 1767 et
1141 1737 1202 1766 Lit.
1225 1736 1325 1767 Cand.
1351 1737 1447 1768 fnisse
1471 1735 1618 1767 vidimus.

295 1793 360 1833 Qui
378 1791 503 1837 juvenis
523 1792 556 1822 in
580 1791 726 1822 examine
746 1791 789 1821 ita
816 1801 847 1820 se
873 1791 981 1832 gessit,
1007 1795 1044 1821 ut
1069 1790 1302 1821 Professoribus
1325 1801 1391 1820 sese
1416 1789 1574 1832 probaret.

526 1863 731 1896 JUDICIUM
775 1864 1032 1895 FACULTATIS
1078 1863 1372 1895 SCIENTIARUM.

339 1942 374 1971 1⁰
397 1939 654 1981 Investigationes
676 1948 763 1968 mere
783 1937 1021 1970 Matheinaticas
1051 1938 1090 1969 de
1112 1938 1258 1969 causticis
1281 1948 1338 1980 per
1360 1936 1568 1968 reflexionem
1589 1942 1621 1967 et

294 1993 516 2025 refractionem
544 2004 561 2023 a
587 1997 729 2034 tempore
757 1991 1024 2022 Tschimlzaasen
1049 2002 1150 2034 usque
1173 1990 1213 2022 ad
1237 1996 1377 2021 nostram
1398 1996 1527 2021 aetatem
1551 1989 1621 2020 sac-

295 2054 340 2078 tas
351 2071 360 2087 ,
385 2056 541 2078 enarrare.
