1763 2511
812 164 948 206 (154)

210 238 325 280 gradus
347 248 410 279 quo
431 237 469 267 ad
494 236 773 269 condemnandum
800 248 878 280 opus
902 243 970 277 est,
993 237 1048 269 sed
1068 238 1220 278 sufficiat,
1246 241 1271 271 si
1299 240 1391 284 modo
1415 252 1488 273 reus
1513 243 1544 275 id

210 290 292 332 quod
314 290 420 329 affert,
447 290 519 321 satis
542 289 705 332 probabile
731 291 868 331 essiciat3
893 297 929 323 ut
952 303 1048 335 supra
1070 293 1103 323 in
1132 293 1148 334 ยง
1171 294 1211 325 15
1232 293 1455 328 demonstravi.

810 416 834 457 g
874 415 925 449 75.

787 510 970 541 ,Iudicium

254 618 463 649 Accusatione
477 622 509 648 et
524 617 709 648 defensione
723 615 787 660 jam
801 617 953 658 peractis,
970 615 1068 660 judex
1089 616 1128 648 ad
1144 616 1385 650 deliberandum
1408 620 1542 659 recedit,

212 678 243 702 et
264 677 449 703 accuratum
467 671 562 702 totius
584 681 685 701 causae
700 681 837 701 examen
857 669 1023 700 instaurat.
1046 671 1154 701 Primo
1170 671 1278 713 itaque
1295 672 1408 714 incipit
1422 673 1546 713 videre,

214 723 300 766 quod
322 727 354 755 in
378 725 465 754 omni
490 734 583 754 causa
605 723 807 765 praecipuum
835 729 901 761 est,
934 733 974 753 an
1004 721 1043 754 de
1069 724 1153 755 facto
1182 724 1375 756 sufficienter
1407 733 1548 766 constet3

212 776 349 819 ideoque
379 776 528 819 inspicit,
554 787 594 807 an
621 775 660 806 de
685 775 801 806 delicto
832 776 906 806 facti
931 778 1168 819 permanentis,
1194 790 1234 809 an
1264 778 1303 809 de
1329 779 1444 810 delicto
1473 779 1550 811 facti

212 830 423 868 transeuntis,
446 841 486 859 an
508 829 547 860 de
575 828 720 868 litterali,
749 842 788 860 an
813 829 852 861 de
876 829 996 862 verbali
1022 837 1155 874 agatur,
1180 844 1244 875 quo
1266 833 1392 876 cognito
1417 834 1548 875 quaerit,

213 896 252 914 an
281 884 363 914 circa
390 883 471 914 illud
498 882 651 914 delictum
678 883 717 914 de
747 895 810 926 quo
837 895 926 915 nunc
955 885 1083 927 agitur,
1110 886 1176 916 istae
1200 885 1399 928 probationes
1430 887 1552 918 suerint

213 936 314 968 allatae
328 948 398 979 quae
420 935 478 979 ipsi
501 937 710 977 conveniant,
734 943 830 980 atque
850 938 911 968 hoc
934 948 1045 969 rursus
1066 949 1222 981 expenso,
1244 940 1419 979 examinat,
1438 951 1477 970 an
1493 941 1551 971 ista

214 989 341 1029 media,
370 995 479 1020 contra
501 990 642 1032 repensis
666 990 814 1022 omnibus
833 991 1053 1022 infirmationis
1074 993 1264 1033 momentis,
1287 993 1326 1024 ad
1350 993 1553 1037 probandum

217 1041 250 1073 id
273 1042 359 1085 quod
383 1048 545 1073 accusator
567 1042 727 1083 intendit,
751 1043 889 1075 valeant.

258 1096 430 1138 Postquam
457 1106 532 1128 vero
561 1095 643 1127 illud
665 1107 800 1128 examen
824 1099 867 1129 ita
891 1099 957 1129 fuit
983 1100 1167 1131 institutum
1184 1123 1192 1139 ,
1226 1100 1250 1130 si
1279 1099 1377 1143 judex
1404 1100 1438 1132 id
1466 1100 1554 1144 quod

215 1149 323 1181 delicti
344 1148 595 1181 fundamentum
617 1151 800 1191 constituit,
820 1152 892 1182 satis
913 1158 1035 1184 certum
1058 1153 1220 1192 inveniat,
1238 1163 1344 1196 neque
1365 1153 1431 1184 ulla
1451 1153 1553 1185 obstet

217 1201 476 1245 impossibilitatis
503 1203 598 1242 ratio,
623 1205 796 1245 quominus
822 1216 880 1247 pro
906 1204 961 1236 tali
986 1205 1161 1244 habeatur,
1192 1206 1232 1238 ad
1257 1218 1392 1237 examen
1419 1208 1556 1238 auctoris

219 1257 341 1286 transit.
365 1255 401 1286 In
427 1254 488 1286 hoc
509 1262 617 1286 autem
639 1257 757 1288 iterum
778 1258 995 1297 instituendo,
1014 1260 1119 1289 omnia
1137 1259 1241 1291 media
1259 1259 1376 1302 quibus
1393 1266 1556 1292 accusator

217 1319 294 1339 usus
314 1314 375 1346 est,
391 1308 539 1347 resumit,
562 1314 595 1339 et
615 1319 651 1339 ea
673 1320 744 1351 quae
763 1311 887 1341 infirma
909 1317 1020 1353 putat,
1040 1312 1198 1351 excludit,
1221 1318 1258 1343 ut
1277 1313 1399 1352 videat,
1416 1325 1458 1343 an
1479 1313 1557 1344 reli-

219 1372 357 1404 quorum
379 1371 504 1392 summa
527 1361 567 1392 ad
588 1362 814 1394 certitudinem
836 1364 989 1394 moralem
1005 1363 1203 1395 efficiendam
1223 1364 1378 1404 sufficiat,
1402 1365 1496 1396 modo
1514 1377 1555 1397 ne

218 1425 327 1446 rursus
350 1412 455 1456 aliqua
478 1414 710 1457 impossibilitas
730 1416 830 1456 adsit,
854 1428 925 1459 quae
946 1417 1147 1449 certitudinis
1167 1417 1237 1462 ejus
1257 1418 1323 1450 vim
1343 1424 1483 1459 evertat,
1504 1419 1555 1452 vel

219 1467 471 1511 improbabilitas
495 1467 600 1511 aliqua
622 1480 693 1511 quae
716 1470 861 1502 eamdem
885 1471 1051 1514 infringat.

267 1520 404 1552 Probato
428 1520 559 1553 demum
585 1522 669 1553 sacto
700 1529 732 1554 et
761 1530 907 1564 auctore,
931 1524 1046 1567 quaerit
1068 1522 1185 1567 judex,
1215 1535 1257 1554 an
1282 1523 1406 1555 factum
1435 1526 1558 1557 auctori

220 1575 317 1617 possit
337 1574 371 1605 in
393 1585 522 1617 poenam
546 1575 720 1617 imputari,
741 1587 813 1619 quae
835 1577 1003 1619 imputatio
1031 1576 1124 1607 modo
1151 1577 1184 1607 in
1212 1576 1348 1620 simplici
1373 1577 1473 1609 libera
1500 1589 1559 1611 vo-

222 1628 362 1667 luntate,
387 1627 481 1659 modo
502 1628 535 1659 in
561 1628 726 1660 voluntate
750 1641 824 1660 cum
848 1629 941 1672 culpa
962 1629 1013 1661 vel
1028 1640 1102 1661 cum
1125 1629 1196 1660 dolo
1214 1629 1385 1674 conjuncta
1406 1632 1557 1662 consistit.

223 1679 319 1719 Quod
343 1679 382 1711 ad
406 1680 549 1723 primum
571 1681 790 1724 imputationis
821 1688 1022 1713 momentum
1049 1683 1209 1725 pertinet,
1235 1682 1336 1726 judici
1364 1683 1446 1714 nihil
1472 1684 1559 1716 aliud

224 1733 440 1775 expetendum
463 1740 529 1774 est,
562 1746 658 1777 quam
679 1746 720 1766 an
750 1747 823 1767 reus
846 1748 908 1777 per
934 1737 1160 1778 exceptionem
1190 1736 1388 1779 probaverit,
1419 1737 1557 1780 aliquam

226 1796 352 1816 causam
366 1787 531 1829 physicam
553 1787 691 1819 adfuisse
707 1788 769 1830 qua
792 1800 906 1831 corpus
925 1795 1041 1831 praeter
1057 1789 1255 1822 voluntatem
1276 1788 1316 1821 ad
1337 1789 1419 1821 illud
1437 1790 1559 1821 factum

226 1837 449 1879 efficiendum,
471 1840 556 1882 quod
576 1840 633 1872 sibi
661 1842 786 1873 crimini
815 1843 972 1882 vertitur,
1000 1843 1101 1874 fuerit
1131 1843 1327 1886 impulsum,
1353 1843 1405 1876 vel
1426 1854 1458 1874 se
1483 1843 1558 1874 facti

228 1891 354 1923 admissi
374 1898 515 1936 tempore
538 1895 579 1925 ita
602 1901 711 1927 mente
738 1896 834 1928 fuisse
860 1897 1053 1937 alienatum,
1078 1902 1116 1928 ut
1135 1896 1194 1928 sibi
1219 1896 1422 1939 comparandi
1445 1901 1478 1927 et
1499 1895 1559 1927 eli-

229 1945 327 1988 gendi
346 1947 454 1989 copia,
478 1947 545 1978 sine
567 1949 629 1990 qua
656 1949 782 1981 libertas
803 1949 892 1982 nulla
909 1950 1046 1994 intelligi
1066 1956 1185 1994 potest,
1204 1950 1305 1982 fuerit
1323 1948 1456 1982 sublata.
1477 1948 1559 1981 Nam
