1820 2568
844 198 859 240 (
887 198 924 229 ¹5
947 200 963 240 )

277 275 311 303 2⁰
336 272 480 316 Duplicis
505 271 641 315 hujusce
672 272 885 303 causticarum
914 271 1031 314 speciei
1061 272 1216 306 theoriam
1243 274 1403 308 deducere
1424 287 1463 307 ex
1489 288 1566 319 pro-

231 326 369 357 blemate
401 326 562 369 generali:
592 326 751 366 Reperire
785 337 919 356 curvam
947 331 1137 369 tangentem
1166 329 1255 359 allas
1286 341 1405 360 curvas
1435 341 1568 361 numero

232 380 383 422 infinitas
408 385 440 410 eb
463 380 532 421 legi
551 380 717 410 commun-i
736 379 929 422 subjectas,
956 382 1011 411 vel
1027 392 1172 423 quarum
1188 384 1396 425 aeqacztiones
1413 396 1478 414 non
1499 385 1567 415 nisi

231 435 421 477 quantitate
434 434 601 464 constanti
622 435 709 465 inter·
725 446 762 465 se
776 433 946 477 dfferzcnt.
970 434 1113 479 Hujusce
1134 437 1282 480 principii
1302 437 1566 480 applicationibus

231 488 380 519 restrictis
405 489 439 517 1⁰
464 487 504 518 ad
524 499 632 518 casum
653 488 750 519 unius
773 489 971 520 refractiouis
996 501 1053 532 per
1073 492 1275 533 superficiem
1298 492 1441 534 planam3
1471 494 1506 523 20
1526 492 1565 523 ad

232 551 337 571 casum
359 539 494 583 duplicis
517 541 716 572 refractionis
737 553 794 584 per
815 541 965 574 laminam
987 545 1059 574 aere
1081 544 1242 575 ambiente
1265 546 1363 587 magis
1382 546 1569 589 resi-ingen«

230 599 311 633 tem3
337 594 372 624 3⁰
394 594 433 625 ad
452 606 560 625 casum
586 606 650 638 quo
673 595 752 626 radii
778 606 796 626 e
817 596 922 627 medio
944 596 1087 640 quolibet
1111 598 1145 629 in
1166 598 1254 630 aliud
1280 600 1468 639 transmissi,
1490 611 1571 643 per-r

228 652 395 684 transeunt
418 649 620 690 superlimem
642 650 839 692 sphaericam.

271 701 436 739 Quaeritur
459 702 590 745 insuper
607 709 643 734 ut
658 715 729 746 quae
750 703 833 734 dicta
857 711 932 735 suut
953 705 992 736 de
1015 706 1160 737 causticis
1181 718 1238 750 per
1259 707 1504 748 refractionem,
1524 708 1562 739 ad

229 755 381 785 causticas
406 766 464 797 per
487 755 693 788 reflexionem
716 757 920 789 extendatur.

272 807 321 838 Ad
343 808 425 839 hanc
444 810 652 851 quaestionem
675 811 770 841 unica
793 811 882 842 nobis
902 814 1062 855 responsio
1081 814 1203 846 reddita
1224 821 1284 854 est,
1307 817 1359 847 cui
1380 816 1564 848 inscribitur

230 862 423 905 epigramma
450 863 677 906 depromptum
698 876 737 896 ex
757 865 860 908 elogio
890 866 949 898 viri
972 867 1155 909 amplissimi
1184 869 1324 910 Camper
1341 869 1426 912 quod
1451 869 1564 901 habuit

227 921 300 945 ante
322 927 438 958 paucos
464 928 562 948 annos
590 917 788 950 doctissimus
818 920 906 951 Prof.
943 921 1031 951 Van
1054 922 1167 953 Breda
1184 934 1193 952 :
1235 924 1329 954 Even
1349 924 1402 954 αῖς
1429 935 1502 955 men
1529 934 1565 955 el·

228 969 399 1011 algemeen
420 971 454 1001 in
471 982 606 1003 overeen
631 972 741 1009 lcomt,
769 973 829 1003 dat
849 973 898 1004 'er
918 986 976 1004 een
998 975 1144 1005 verhond
1161 976 1296 1007 bestczat
1318 978 1474 1008 iuss-chen
1494 978 1564 1008 alle

228 1023 503 1064 rvetensclzczppen
514 1047 526 1061 2
551 1031 612 1055 etc.
639 1042 683 1048 --
709 1026 796 1056 trekss
818 1027 977 1057 niemcmd
997 1028 1032 1057 in
1058 1028 1201 1070 twjsffel‚
1229 1035 1290 1059 etc.

271 1075 376 1118 Hujus
402 1078 678 1108 commentationis
699 1084 810 1110 auctor
834 1079 867 1110 in
892 1080 1126 1123 prolegomenis
1149 1083 1298 1114 eximiam
1320 1094 1381 1114 nec
1402 1095 1466 1115 non
1491 1095 1561 1116 om-

225 1126 321 1159 nibus
341 1130 484 1160 numeris
507 1129 681 1162 absolutam
705 1132 868 1164 historiam
894 1136 1079 1178 conscripsit
1104 1137 1402 1169 matliematicarum
1427 1139 1561 1170 investi-

226 1182 389 1223 gationum
424 1183 463 1215 de
496 1186 641 1217 causticis
655 1211 663 1226 ,
703 1199 719 1218 a
757 1188 953 1230 temporibus
991 1190 1109 1221 summi
1149 1191 1417 1223 Tseliirnhaasen
1457 1203 1560 1235 usque

225 1234 264 1266 ad
284 1242 423 1267 nostram
446 1243 586 1278 aetatem3
611 1246 644 1270 et
672 1252 768 1283 quam
793 1244 928 1274 maxima
952 1244 1125 1287 diligentiae
1148 1245 1243 1276 laude
1271 1246 1424 1277 indicavit
1454 1257 1560 1289 quan-

225 1295 295 1321 tum
318 1297 552 1324 antecessorum
578 1293 700 1326 labores
725 1295 875 1341 deinceps
898 1298 1124 1330 adornaverint
1150 1306 1246 1342 atque
1271 1300 1420 1330 auxerint
1440 1298 1558 1342 singuli

224 1343 271 1374 illi
293 1351 472 1387 geometrae.
501 1347 596 1379 Hunc
621 1348 730 1392 itaque
755 1349 845 1382 bonae
864 1353 931 1394 spei
953 1351 1103 1396 juvenem
1127 1354 1232 1384 virum
1254 1353 1352 1395 priori
1377 1352 1558 1396 quaestionis

223 1405 413 1440 argumento
428 1400 527 1442 probe
549 1402 735 1434 satisfecisse
760 1411 867 1436 censet
886 1406 1032 1437 Facultas
1048 1407 1272 1438 Scieutiarum.
1299 1406 1377 1450 Ejus
1392 1418 1557 1438 commen—

223 1451 298 1482 tatio
322 1452 355 1482 in
378 1459 517 1495 quatuor
538 1457 640 1498 capita
660 1457 876 1499 distribui-tur,
897 1460 1031 1503 quibus,
1058 1472 1154 1503 quam
1177 1461 1327 1492 latissime
1348 1462 1416 1492 fieri
1434 1462 1553 1504 potuit²

221 1504 354 1536 solvitur
377 1508 524 1548 quaestio:
552 1508 656 1540 haecce
682 1510 797 1542 solutio
822 1523 839 1543 e
868 1514 1044 1555 purissimis
1075 1521 1107 1545 et
1139 1515 1269 1557 optimae
1300 1521 1383 1546 notae
1413 1515 1555 1546 fontibus

223 1556 351 1597 hausta,
373 1560 487 1591 nititur
507 1564 697 1604 geometria,
727 1564 873 1606 physica,
899 1577 959 1596 nec
978 1578 1042 1596 nou
1061 1568 1230 1598 recentiori
1249 1567 1386 1610 analysi,
1418 1567 1554 1599 feliciter

224 1615 256 1640 et
278 1612 379 1653 perite
401 1613 484 1645 inter
500 1626 532 1645 se
554 1615 743 1658 conjunctis
768 1617 805 1647 In
826 1617 885 1647 hac
907 1624 996 1660 parte
1016 1619 1192 1659 tractanda,
1214 1632 1286 1663 quae
1306 1621 1492 1663 nuperrime
1515 1621 1553 1652 de

222 1663 282 1694 hac
310 1666 398 1707 gravi
436 1669 566 1699 materia
597 1669 792 1701 invenerunt
829 1671 1028 1704 celeberrimi
1049 1675 1230 1716 geometriae
1259 1675 1403 1711 Malas,
1432 1675 1550 1711 Petit,

225 1716 418 1759 Gelgwme,
437 1722 492 1751 De
509 1722 543 1752 la
554 1723 655 1760 Rive,
674 1724 820 1761 sturme,
842 1726 1015 1765 Querela,
1030 1734 1091 1758 ete.
1103 1739 1138 1758 ea
1151 1733 1261 1758 auctor
1270 1727 1428 1759 adhibuit.
1440 1728 1553 1771 Itaque

221 1781 286 1801 non
314 1771 409 1803 dubia
435 1773 524 1805 haesit
550 1775 761 1809 scientiarum
790 1778 935 1811 Facultas
961 1782 1126 1824 egregium
1153 1787 1315 1813 auctorem
1338 1782 1436 1825 hujus
1455 1781 1551 1813 Com-

218 1825 423 1859 mentationis
449 1827 636 1860 Academica
663 1830 768 1873 palma
799 1832 1070 1866 cohonestandum
1097 1846 1181 1875 esse,
1217 1842 1249 1867 et.
1277 1836 1550 1867 remunerandum

221 1878 422 1911 existimavit.
445 1880 612 1924 Resiguato
636 1890 745 1916 autem
767 1886 915 1928 epistolio
930 1888 1015 1931 quod
1042 1890 1300 1921 commentationi
1326 1896 1437 1933 aptum
1465 1898 1548 1928 erat,

221 1929 306 1962 illius
336 1934 520 1975 scriptorem
551 1936 688 1968 Josapuo
717 1939 862 1971 Minsssm.
886 1942 920 1972 in
942 1942 1112 1975 Academia
1136 1944 1355 1986 Gandavensi,
1388 1945 1485 1977 Math.
1517 1950 1547 1975 et

221 1985 303 2017 Med.
332 1986 430 2018 Cand.
459 1989 561 2021 fuisse
582 1991 727 2024 vidimus.
764 1994 830 2033 Qui
854 1995 979 2039 juvenis
1005 1997 1038 2028 in
1061 1999 1207 2029 examine
1232 1999 1275 2029 ita
1300 2011 1334 2030 se
1364 2001 1474 2043 gessit,
1510 2008 1544 2031 ut

219 2037 449 2072 Proi'essoribus
470 2053 502 2074 se
526 2043 683 2086 probaret.
