1820 2568
770 250 887 292 (5³)

159 383 231 395 ..ιιι
235 383 371 394 ussum-s·
375 382 446 391 *sn*
450 380 594 390 ==suwm
599 379 668 389 mm
673 379 742 389 m
747 379 818 389 sss-a»
824 374 892 389 sss-A.
896 380 967 390 §2⁸³2
971 380 1041 390 ιιυνι
1045 380 1116 391 wur-
1120 382 1190 392 snmus
1194 382 1220 391 ι,
1224 383 1264 392 ιιι
1269 383 1338 393 »2⁵2«
1342 385 1412 394 ssu*
1419 385 1487 395 sss-n·

226 497 747 540 RESPONSIONIS
813 499 1425 542 SUPPLEMENTUM.

205 763 404 795 Nobil'issima
426 763 573 794 Facultas
594 762 747 793 Literaria
769 761 987 794 Gandavensis
1012 763 1091 795 mihi
1118 776 1175 807 pro
1203 763 1292 796 solita
1313 777 1368 797 sua
1397 765 1497 797 bene·-

165 817 303 849 volentia
332 817 502 854 concessit,
531 821 568 846 ut
592 814 737 857 quaedam
761 814 976 856 supplementi
1001 817 1099 848 instar
1130 818 1183 849 hic
1211 818 1370 850 adderem.
1403 819 1499 858 Quod

164 869 234 900 ideo
255 870 348 912 petii,
371 869 523 911 quoniam
542 869 575 898 in
595 868 659 910 ipsa
682 867 956 897 Commentatioue
980 868 1028 899 vel
1045 869 1241 901 levissimum
1259 871 1337 913 quid
1356 877 1496 911 mutare,

167 922 206 953 ob
231 922 386 964 reliquos,
412 922 467 964 qui
490 932 616 952 mecum
641 920 679 951 ad
697 919 830 951 eandem
849 921 987 952 victoriae
1008 933 1096 964 spem
1120 924 1392 966 conspiraverant,
1422 925 1499 955 reli-

165 975 251 1017 gioni
270 974 360 1005 duxi.
385 974 545 1005 Coucessit
566 973 644 1004 mihi
664 979 815 1016 praeterea
833 973 998 1014 Facultas,
1019 982 1056 1006 ut
1075 976 1337 1019 ichnographiam
1357 978 1502 1009 Athena-

165 1040 238 1059 rum
257 1028 466 1069 locorumque
486 1028 665 1058 vicinorum
680 1021 910 1069 adjungerem,
932 1038 996 1068 quo
1017 1028 1131 1058 melius
1151 1029 1287 1071 intelligi
1304 1037 1431 1072 possent
1450 1042 1501 1071 ea,

169 1092 241 1123 quae
258 1080 297 1110 de
313 1079 540 1110 certaminibus
559 1078 795 1120 Thrasybulum
810 1080 894 1108 inter
913 1084 946 1108 et
960 1079 1165 1121 oligarchicos
1181 1082 1292 1112 retulit
1308 1083 1501 1126 Xenophon.

167 1132 328 1164 Habebam
355 1143 448 1175 porro
474 1131 620 1173 quaedam
646 1141 776 1161 monere
801 1130 840 1161 de
868 1131 1030 1173 opusculis
1055 1132 1179 1164 duobus
1201 1133 1345 1177 ejusdem
1370 1147 1406 1166 ac
1431 1147 1503 1167 meo

165 1185 362 1228 argumenti,
396 1195 470 1226 quae
491 1183 532 1214 ad
551 1194 653 1216 mean]
676 1183 822 1214 notitiam
844 1189 918 1214 ante
943 1183 1119 1216 absolutam
1143 1187 1335 1229 missamque
1359 1187 1504 1230 Respon-

164 1239 284 1269 sionem
305 1249 363 1280 pro
384 1243 474 1279 parte
493 1236 603 1268 saltem
628 1237 771 1268 nondum
796 1243 1021 1279 pervenerant.
1045 1238 1167 1270 Omissa
1189 1239 1329 1282 denique
1348 1240 1504 1272 nonnulla

166 1291 333 1333 supplere,
356 1296 389 1321 et
401 1290 532 1321 omnino
553 1289 658 1321 adhuc
680 1289 846 1322 observare
862 1290 1008 1333 quaedam
1024 1298 1121 1335 atque
1142 1293 1258 1325 addere
1279 1293 1434 1327 volebam.
1457 1295 1505 1326 De

167 1344 300 1387 singulis
320 1343 501 1383 videamus,
525 1355 561 1374 ac
584 1344 726 1386 primum
748 1344 788 1375 de
810 1344 936 1375 duobus
958 1344 1021 1376 illis
1043 1346 1217 1388 opusculis.

209 1397 355 1429 Alterum
380 1403 427 1428 est
449 1397 570 1427 R1cnm1
597 1407 656 1429 VAN
682 1397 853 1437 OMMEREN,
884 1397 964 1429 dum
989 1400 1130 1439 viveret,
1160 1399 1326 1443 Gymnasii
1346 1400 1506 1432 Amstelo-

167 1451 324 1483 damensis
352 1451 513 1490 Rectoris‚
541 1451 601 1483 viri
624 1451 786 1494 praeclari,
812 1457 845 1482 et
870 1451 910 1482 ob
932 1450 1085 1484 doctrinae
1109 1453 1325 1496 praestantiam
1354 1465 1391 1484 ac
1411 1453 1507 1484 disci-

168 1504 264 1547 plinae
284 1503 508 1535 excellentiam
532 1503 665 1535 literatis
687 1504 834 1536 omnibus
854 1505 888 1536 in
911 1512 1017 1537 nostra
1042 1507 1144 1549 patria
1166 1508 1302 1549 pei-noti.
1328 1507 1388 1538 Hic
1408 1507 1508 1550 igitur

171 1557 248 1589 duas
266 1557 380 1589 habuit
402 1559 559 1588 orationes
580 1558 682 1601 patria
702 1558 830 1601 lingue,
853 1571 993 1601 quarum
1013 1559 1104 1590 alteri
1120 1559 1234 1590 titulus
1249 1565 1334 1590 erat:
1364 1559 1455 1590 Over
1469 1558 1510 1591 cle

169 1609 440 1652 onderdmkking
472 1621 538 1641 van
569 1611 712 1642 Athene
745 1611 825 1642 door
859 1611 900 1642 de
931 1611 1042 1654 dertig
1077 1611 1355 1654 dcvirzgelanden,
1394 1612 1508 1644 alteri:

175 1663 264 1693 Over
273 1662 314 1693 de
329 1663 519 1704 ver-lossing
533 1674 598 1692 van
613 1664 765 1695 Athene.
791 1664 973 1707 Utramque
993 1671 1066 1696 ante
1086 1665 1143 1696 hos
1164 1665 1242 1696 duos
1263 1677 1361 1697 annos
1377 1665 1510 1697 demum

174 1714 274 1745 edidit
288 1720 378 1756 pater
393 1725 484 1745 meus
499 1708 771 1746 aestumatissimus
787 1717 820 1747 in
832 1717 1047 1748 Bibliotheca
1061 1718 1253 1748 Literaram
1268 1719 1511 1760 Antiquarum

173 1767 303 1809 Belgico
317 1778 462 1798 sermone
478 1768 664 1810 conscripta.
689 1768 810 1800 Harum
827 1770 1007 1801 orationum
1023 1771 1176 1813 posterior
1193 1770 1337 1803 nondum
1352 1772 1386 1803 in
1401 1771 1511 1805 lucem

172 1819 350 1863 prodierat,
373 1831 475 1862 quum
493 1820 739 1863 Responsionem
756 1834 861 1855 meam
874 1823 1066 1857 Gandavum
1088 1825 1264 1855 mitterem:
1284 1824 1507 1867 quamobrem,

174 1872 250 1904 licet
270 1872 402 1904 laudare
422 1883 491 1903 eam
513 1874 683 1916 potuissem
694 1899 702 1914 ,
718 1887 783 1906 non
804 1887 856 1907 me
872 1882 979 1907 tamen
996 1876 1178 1919 oportebat,
1194 1877 1253 1907 nisi
1269 1883 1388 1909 memet
1403 1879 1510 1921 ipsum

175 1925 310 1969 prodere
342 1925 510 1958 voluissem
536 1925 695 1970 judicibus
725 1930 758 1959 in
789 1935 895 1960 nostro
927 1931 1099 1961 certamine
1130 1928 1269 1961 literario
1302 1932 1507 1974 aequissimis,

174 1979 398 2022 integerrimis.
425 1980 516 2011 Prior
537 1980 620 2012 edita
642 1988 725 2022 erat,
747 1994 844 2025 quam
864 1989 970 2015 tamen
992 1984 1123 2015 laudare
1143 1984 1307 2025 nolebam,
1334 1986 1409 2028 quia
1430 1996 1509 2027 opus

174 2033 320 2075 nondum
342 2033 382 2064 ad
404 2034 500 2066 finem
524 2040 591 2066 erat
611 2036 815 2078 perductum.
851 2038 900 2069 De
925 2038 998 2081 ipsis
1022 2037 1215 2069 orationibus
1243 2038 1397 2081 judicium
1425 2037 1509 2069 ferre

1080 2092 1099 2122 8
