1763 2511
873 204 990 247 (48)

280 288 485 317 constantes,
520 285 557 310 ut
581 281 676 321 ipsa,
715 279 871 321 inquam,
902 288 1033 308 summa
1059 278 1112 307 vel
1144 276 1335 320 differentia
1364 279 1409 308 sit
1440 285 1605 313 constans.

280 340 391 377 Quum
420 345 526 366 curvae
549 333 648 376 liujus
672 332 796 375 generis
824 331 963 373 aliquam
989 330 1230 361 similitudinem
1256 330 1375 361 habent
1402 344 1476 363 curn
1505 333 1608 376 ellipsi

279 391 330 422 vel
358 387 548 432 hyperbol&⁷
583 385 698 417 exinde
719 383 911 416 concludere
942 383 988 413 sas
1011 388 1057 413 est
1086 384 1238 414 causticas
1261 383 1301 414 de
1333 395 1396 426 quo
1419 384 1471 415 hic
1502 387 1608 428 agitur

279 455 344 475 non
364 442 504 474 multum
529 440 707 482 discrepare
731 438 770 469 ab
792 437 926 469 evolutis
949 436 1063 467 harum
1086 447 1270 468 curvarum.

325 497 371 527 Ea
393 501 440 526 est
468 493 693 525 demonstratio
724 492 815 523 Doct.
842 491 970 522 Sturm:
993 489 1314 522 animadvertendum
1347 496 1393 520 est
1417 491 1506 522 huuc
1535 503 1612 534 geo-

279 556 414 582 metram
436 548 505 579 loco
528 546 740 578 causticarum
763 544 966 587 investigasse
989 554 1102 574 curvas
1125 554 1262 586 quarum
1283 543 1420 575 evolutae
1438 550 1513 575 sunt
1535 546 1610 588 ipsae

281 604 437 635 causticae.

322 666 346 709 g
368 666 423 697 VI.
448 665 488 695 D.
512 664 720 706 Gergomzias
742 663 774 693 in
796 662 839 693 N⁰
861 661 925 701 XI,
952 660 1095 704 ejusdem
1111 659 1174 692 vol.
1197 659 1292 698 151115,
1313 659 1414 690 refert
1432 660 1516 692 hanc
1533 673 1611 692 con-

282 720 457 752 clusionem
482 717 639 753 Sturmii,
665 727 729 746 non
749 715 890 746 multum
916 714 1094 755 discrepare
1119 725 1136 743 a
1162 712 1418 744 conclusionibus
1435 714 1473 745 de
1500 714 1613 747 eadem

282 773 418 805 caustica
439 771 574 802 obtentis
594 781 611 799 a
630 769 669 799 D.
691 768 845 807 Quetelet
865 767 921 809 qui
942 777 993 797 eas
1008 772 1163 808 tanquam
1179 765 1425 807 applicationem
1443 768 1611 809 specialem

282 825 417 857 deduxit
444 835 482 854 ex
509 821 632 853 duobus
656 820 821 863 principiis
847 819 1087 862 elegantissimis
1113 819 1153 850 de
1176 819 1322 850 causticis
1350 819 1453 862 planis
1479 831 1615 863 genera-

282 881 355 918 tim,
380 883 412 909 et
432 878 475 907 sic
496 875 668 918 expressis:

327 934 358 962 1.
397 930 558 961 caustica
585 939 650 969 per
685 927 894 969 reflexionem
927 936 991 967 pro
1024 924 1125 956 carmi
1145 924 1258 966 planci
1283 925 1457 967 qualibet,
1491 932 1525 956 et
1551 938 1616 968 pro

277 990 403 1028 puncto
431 984 594 1014 luminoso
616 982 682 1012 sito
707 981 801 1011 modo
828 991 1037 1023 quocumque
1065 980 1099 1009 in
1120 979 1224 1019 plano
1250 977 1353 1020 hujus
1377 990 1503 1016 curvae,
1540 991 1618 1011 evo-

284 1040 357 1069 luta
372 1043 423 1069 est
433 1047 541 1067 curvoe
557 1035 843 1066 circumvolventi-s·
869 1032 926 1075 (de
943 1031 1159 1075 l'enveloppe)
1180 1043 1290 1063 omnes
1312 1033 1454 1063 circulos
1477 1044 1617 1075 quorum

284 1098 396 1124 centra
429 1091 554 1120 haerent
585 1089 619 1119 in
651 1087 826 1129 superficie
861 1086 1060 1128 reflectenti,
1103 1091 1136 1116 et
1164 1086 1225 1127 qui
1258 1086 1327 1126 ipsi
1358 1091 1533 1117 transeunt
1555 1098 1620 1128 per

280 1150 441 1187 punctum
466 1142 678 1182 luminosum.

329 1199 361 1228 2.
391 1196 550 1228 caustica
572 1205 636 1235 per
666 1191 914 1235 refractionem,
946 1202 1009 1232 pro
1034 1191 1137 1221 curvd
1162 1191 1273 1231 planci
1302 1192 1475 1233 qualibet,
1504 1198 1539 1222 et
1555 1203 1619 1234 pro

280 1256 406 1293 puncto
431 1249 585 1279 radiante
612 1246 706 1276 modo
736 1255 945 1287 quocumque
973 1245 1007 1274 in
1028 1244 1134 1284 plano
1159 1243 1263 1285 liujus
1292 1255 1402 1276 σαι-ναὶ
1427 1246 1512 1282 sito,
1543 1257 1620 1276 evo-

287 1305 360 1335 luta
387 1308 438 1334 est
463 1311 572 1332 curvae
595 1299 853 1340 circumagentis
879 1309 990 1328 omnes
1019 1297 1162 1327 circulos
1186 1307 1327 1338 quoram
1356 1303 1469 1328 centra
1499 1298 1534 1328 in
1560 1309 1621 1328 su-

280 1356 418 1398 perficie
443 1353 611 1384 dirimenti
631 1357 711 1382 sunt
735 1352 825 1387 sita,
852 1356 884 1381 et
905 1361 1046 1392 quorum
1061 1350 1150 1380 radii
1171 1361 1207 1380 se
1232 1350 1357 1380 habent
1375 1350 1422 1380 ad
1436 1350 1620 1381 distantias

287 1410 374 1439 inter
394 1408 465 1437 lzaec
487 1411 599 1436 centra
624 1410 658 1435 et
676 1409 840 1444 punctum
864 1403 1020 1439 radians,
1050 1403 1100 1433 uti
1120 1413 1157 1433 se
1176 1402 1279 1433 habet
1301 1403 1397 1433 sinus
1422 1404 1544 1445 anguli
1568 1414 1621 1434 re-

278 1460 463 1504 fractionis
491 1458 538 1489 acl
556 1458 666 1488 sinum
693 1457 812 1498 anguli
840 1457 1041 1487 inciclentz'ae.

332 1504 445 1553 Quum
477 1522 553 1543 vero
586 1509 740 1552 principia
775 1508 843 1540 haec
873 1510 961 1540 irrita
989 1509 1131 1541 evadunt
1164 1509 1294 1552 quando
1326 1509 1406 1541 radii
1444 1509 1621 1541 incidentes

290 1567 432 1599 evadunt
453 1563 611 1608 paralleli,
638 1562 846 1604 Get-gonnias
869 1563 980 1593 statuit
998 1573 1108 1593 earum
1127 1562 1195 1592 loco
1217 1562 1305 1593 aliud
1321 1562 1514 1593 substituere
1530 1563 1622 1605 prin—

292 1621 410 1663 cipium
435 1617 520 1660 quod
543 1615 638 1647 simul
659 1614 748 1645 binos
774 1626 877 1653 casus,
899 1626 1007 1646 casum
1029 1614 1149 1646 scilicet
1168 1614 1331 1646 radiorum
1351 1615 1577 1658 parallelorum
1591 1621 1624 1646 et

293 1684 399 1705 casum
423 1671 560 1702 alterum
584 1680 648 1712 quo
665 1669 795 1711 ponitur
817 1667 919 1698 radios
943 1678 982 1698 ex
1000 1674 1121 1710 puncto
1146 1668 1242 1699 unico
1259 1668 1352 1707 oriri,
1379 1668 1621 1711 co1nplectitur3

294 1727 347 1757 sed
368 1726 446 1756 huic
465 1736 521 1755 suo
541 1723 698 1766 principio
721 1721 808 1753 aliud
829 1721 918 1753 brevi
935 1721 1084 1764 generale
1102 1721 1202 1764 magis
1221 1720 1386 1753 substituit
1405 1721 1491 1764 quod
1509 1720 1624 1752 sufficit

294 1778 424 1822 quidem
438 1779 472 1808 in
486 1777 541 1808 illo
557 1788 646 1815 casu,
663 1787 726 1818 quo
748 1775 827 1806 radii
843 1774 951 1817 plures
967 1775 1173 1806 refractiones
1195 1774 1247 1806 vel
1261 1774 1449 1806 reflexiones
1465 1773 1622 1812 subeunt,

295 1838 350 1864 aut
388 1830 567 1861 alternatim
606 1829 847 1871 refringuntur,
886 1828 1023 1860 vicissim
1057 1827 1289 1868 reflectuntur,
1335 1827 1445 1859 ordine
1490 1827 1622 1869 quovis,

297 1883 470 1916 dummodo
493 1888 598 1913 tamen
621 1881 660 1912 ab
684 1881 750 1924 ipsa
774 1880 914 1912 secunda
940 1881 1114 1912 reflexione
1146 1892 1204 1912 seu
1224 1881 1414 1927 refractione
1439 1879 1519 1910 radii
1540 1879 1624 1910 inci-

297 1939 408 1970 dentes
429 1936 576 1967 desinant
605 1945 646 1965 ex
668 1946 734 1965 uno
758 1940 878 1977 puncto
903 1935 995 1974 oriri,
1021 1934 1073 1967 vel
1105 1945 1234 1966 manere
1259 1933 1418 1977 paralleli,
1449 1938 1482 1963 et
1503 1931 1624 1963 solum—

298 1990 392 2025 modo
414 1994 579 2032 tangentes
594 1988 657 2018 sint
678 1986 821 2030 ejusdem
843 1988 1006 2028 causticae,
1025 1998 1083 2020 seu
1096 1987 1254 2019 normales
1271 1987 1310 2019 ad
1330 1985 1475 2017 eamdem
1493 1996 1624 2018 curvam
