1763 2511
830 173 846 213 (
869 172 890 202 6
914 174 925 215 ὲ

256 255 468 286 ΡοειιιΛωίὶε
496 260 608 285 autem
631 265 749 296 porro,
778 260 816 285 at
846 257 1049 297 aeqnz'mwm
1076 268 1146 287 sax-e
1172 269 1200 286 ll.
1224 264 1385 299 saliatem
1408 259 1537 301 judicii

219 318 384 349 Ciceronis
409 318 449 348 cle
479 317 615 349 Graecis
643 324 911 361 argumentorum
935 320 1121 350 rationibus
1144 322 1330 361 probarem.
1354 322 1536 365 Difficilior

214 381 297 412 liaeo
323 381 432 411 altera
460 381 669 422 quaestionis
695 392 781 422 pars
814 381 897 411 mihi
933 382 1009 411 visa
1041 388 1100 412 est.
1139 383 1337 424 Requiritar
1366 386 1454 415 enim
1478 397 1538 416 nec

210 453 320 484 parva
330 442 526 473 eruditionis
538 444 653 484 copia,
670 455 729 474 nec
740 445 898 487 exiguam
910 445 1038 487 ingenii
1053 456 1190 475 acumen
1202 457 1212 475 .·
1233 457 1372 487 quorum
1387 453 1540 479 neutrum

214 505 302 536 satis
324 505 359 536 in
383 516 434 536 me
453 517 526 536 esse
538 506 646 547 plano
667 507 796 537 sentio:
821 507 954 538 honoris
980 513 1091 538 autem
1115 508 1227 538 studio
1253 509 1426 547 incensus,
1451 512 1539 542 vires

216 573 326 599 tamen
350 569 386 599 in
409 569 632 611 respondendo
650 570 867 610 periclitatas
887 580 962 600 sum
971 591 984 606 ,
1007 575 1042 600 et
1055 569 1196 612 juvenis
1217 570 1258 601 de
1285 571 1383 602 rebus
1407 574 1540 615 mag-nis

216 636 322 662 'ausus
343 643 418 663 sum
442 643 548 663 meam
571 633 606 663 in
629 633 773 664 medium
784 632 934 675 proferre
953 633 1170 669 sententiam,
1198 633 1300 664 fretus
1322 634 1406 666 dicto
1433 635 1542 674 Quin-

218 692 320 724 tiliani
338 694 372 725 J.
399 694 441 725 O.
457 694 551 726 XII.
573 694 616 725 6:
643 693 828 736 »fructum
853 695 1039 725 studiorum
1063 695 1200 726 viridem
1223 701 1257 726 et
1279 695 1389 726 adhuc
1413 695 1542 729 dulcem

210 757 322 796 promi
348 755 457 792 decet,
488 756 568 785 dum
595 761 629 785 et
655 756 773 784 veniae
796 765 873 794 spes
902 760 971 790 est,
998 760 1032 784 et
1052 761 1199 795 paratus
1219 755 1341 797 favor,
1364 762 1400 788 et
1421 758 1544 790 audere

216 828 282 848 non
301 816 450 853 dedecet,
472 822 523 853 et,
548 817 580 846 si
602 816 687 858 quid
707 815 795 847 desit
813 818 925 858 operi,
952 818 1088 859 supplet
1110 823 1223 857 aetas;
1243 823 1293 856 et,
1319 819 1352 850 si
1376 830 1445 861 qua
1465 826 1545 851 sunt

218 878 309 909 dicta
325 877 543 920 juveniliter,
564 889 630 919 pro
655 878 765 910 indole
789 879 1049 921 accipirenturff'

261 940 457 971 Potuissem
487 940 522 970 in
543 940 608 971 hac
642 941 921 974 commentatione
945 944 993 975 ad
1013 945 1146 976 diversa
1170 945 1286 987 capita
1312 945 1479 977 Ciceronis
1504 946 1545 977 de

224 1002 362 1033 Graecis
378 1001 518 1044 judicia
542 1002 679 1045 referre,
708 1005 770 1036 sed
800 1011 908 1036 vestro
929 1007 1015 1038 Viri
1044 1008 1093 1038 Cl.
1119 1008 1260 1039 consilio
1285 1009 1335 1039 ita
1357 1009 1468 1051 magis
1494 1020 1545 1040 me

219 1074 453 1105 responsurum
475 1065 687 1103 existimavi,
719 1067 752 1097 si
776 1068 838 1098 illa
861 1067 1096 1101 distributione
1110 1071 1353 1111 praetermissa
1363 1092 1376 1107 ‚
1411 1071 1546 1112 simpli—

219 1128 308 1158 citur
328 1138 366 1158 eo
387 1127 519 1164 ordine,
542 1128 603 1170 qui
623 1129 658 1158 in
688 1128 854 1161 Ciceronis
870 1131 1072 1162 editionibus
1088 1133 1274 1170 invenitur,
1302 1134 1377 1164 loca
1396 1133 1546 1176 deinceps

221 1189 420 1227 indicarem,
452 1191 667 1233 singulisque
695 1203 802 1223 meam
836 1193 877 1225 de
898 1192 1028 1235 judicii
1059 1195 1114 1227 vel
1136 1196 1308 1238 aequitate
1331 1197 1387 1227 vel
1417 1197 1546 1238 iniqui-

222 1257 291 1284 tate
313 1254 560 1285 annotationem
584 1265 791 1296 apponerem.
