1820 2568
792 227 907 270 (33)

190 311 256 332 sese
275 300 413 332 dedendi
432 300 652 331 necessitatem
671 299 891 342 adigerentur,
918 300 974 330 nix
998 299 1179 334 densissima
1199 313 1258 346 per
1279 309 1405 336 noctem
1431 304 1519 336 deci-

189 353 252 392 dit,
284 359 322 385 ut
349 364 475 384 necesse
501 353 676 392 haberent,
710 353 786 384 nive
811 353 961 393 obducti,
988 354 1100 386 omisso
1130 357 1289 398 proposito
1303 381 1311 396 ,
1342 358 1376 387 in
1403 357 1518 389 urbem

189 407 323 438 reverti:
340 407 374 437 in
394 417 472 449 quos
487 416 659 448 erumpens
670 416 687 436 e
701 406 803 449 Phyle
823 418 937 438 manus
948 407 1097 440 calonum
1112 409 1267 451 plurimos
1278 410 1449 453 intercepit
1458 411 1516 452 (1).

189 459 273 490 Dein
293 459 435 502 tyranni,
459 458 763 499 animadvertentes,
786 471 837 491 eos
861 472 900 491 ex
926 462 1008 504 agris
1033 463 1128 494 etiam
1152 463 1292 506 praedam
1313 475 1378 496 esse
1408 476 1518 508 aspor—

189 517 325 551 taturos,
348 512 383 542 ni
403 513 650 543 constitueretur
663 512 769 555 aliqua
783 514 941 555 custodia,
964 514 1004 546 ad
1018 521 1175 547 extremos
1195 518 1290 556 fines,
1312 517 1438 548 circiter
1454 518 1518 548 XV

190 564 295 595 stadiis
315 576 332 595 a
352 564 454 607 Phyle
474 564 612 604 dissitos,
640 576 750 597 omnes
771 577 871 608 pene,
898 578 976 610 quos
1000 578 1017 598 a
1042 568 1289 599 Lacedaemoniis
1312 575 1516 612 acceperant,

188 617 394 660 praesidiarios
429 629 503 649 cum
529 617 653 649 duabus
683 619 831 661 equitum
858 621 971 651 turmis
1000 621 1166 652 miserunt.
1207 622 1269 661 Hi,
1300 624 1407 653 castris
1435 624 1518 654 circa

187 669 366 710 Acharnas,
388 681 466 713 quas
485 671 704 714 appellabant,
727 673 761 703 in
781 673 850 704 loco
868 673 1032 705 arboribus
1048 675 1144 706 denso
1162 676 1286 718 positis,
1307 676 1351 707 ibi
1376 677 1517 707 excuba-

188 721 266 753 bant
283 722 340 764 (2).

231 776 364 806 Interim
386 776 510 807 exsules
525 776 716 809 robustiores
732 779 809 810 sacti
829 787 920 820 sunt,
941 781 1091 822 Ismenia,
1113 782 1340 814 Thebanorum
1356 784 1516 826 principe,

186 829 338 870 privatim
361 839 413 859 eos
434 829 616 872 adjuvante.
646 830 713 861 Nec
738 843 803 862 non
823 833 930 874 Lysias
953 840 1057 864 orator
1081 835 1195 865 utilem
1217 836 1250 865 in
1272 835 1308 866 ea
1330 847 1365 866 re
1389 847 1516 878 operam

187 881 350 923 praestitit3
376 882 495 912 etenim
518 881 582 913 duo
601 882 826 916 drachmarum
846 886 944 917 millia
965 887 1181 929 suppeditavit
1202 893 1234 918 et
1253 894 1341 919 scuta
1362 888 1515 928 ducenta,

190 938 286 975 atque
303 934 337 964 in
354 934 511 965 auxilium
529 935 635 976 urbis,
661 948 732 979 quae
753 944 833 969 esset
851 940 953 981 patria
971 941 1150 971 communis
1165 940 1372 983 eloquentiae,
1389 947 1517 973 trecen—-

188 991 252 1024 tos,
274 987 453 1018 secundum
478 987 644 1020 ,Iustinum
667 991 877 1033 quingentos,
904 992 1020 1023 milites
1046 993 1193 1023 mercede
1215 993 1384 1033 conduxit3
1413 994 1517 1026 Thra-

187 1038 284 1081 sylaeo
304 1045 475 1081 praeterea,
500 1041 616 1083 hospiti
636 1053 709 1080 suo,
734 1044 907 1084 persuasit,
933 1049 972 1074 ut
994 1043 1057 1074 duo
1078 1044 1196 1074 talenta
1218 1045 1379 1076 conferret
1396 1046 1453 1088 (3).

230 1090 286 1121 His
305 1092 404 1133 igitur
421 1091 542 1123 viribus
554 1098 667 1124 auctus
682 1094 915 1137 ThrasybuIUS,
936 1097 1145 1139 septingentis
1160 1098 1287 1128 circiter
1301 1109 1410 1130 secum
1426 1111 1516 1130 sum-

187 1143 241 1182 tis,
269 1149 368 1175 noctu
391 1155 410 1175 e
433 1145 535 1187 Phyle
559 1145 738 1188 descendit3
768 1149 942 1192 positisque
968 1150 1080 1189 armis,
1109 1161 1183 1181 cum
1209 1151 1311 1182 tribus
1336 1157 1515 1193 quatuorve

186 1195 292 1227 stadiis
316 1208 334 1227 a
363 1197 561 1239 praesidiariis
597 1199 737 1241 abesset,
765 1202 927 1245 paulisper
951 1203 1084 1245 quievit.
1125 1204 1228 1243 Dein,
1261 1216 1335 1235 cum
1358 1204 1422 1248 jam
1448 1206 1514 1237 dies

187 1251 474 1293 appropinquaret,
491 1257 523 1282 et
537 1252 642 1284 hostes
656 1253 696 1284 ab
710 1256 821 1294 armis,
839 1256 895 1287 ubi
912 1257 1048 1299 quisque
1062 1255 1194 1296 cubaret
1208 1256 1271 1299 (4),
1287 1257 1514 1298 discessissent,

186 1303 352 1344 equisones
368 1304 463 1334 etiam
476 1304 690 1348 abstergendis
709 1309 800 1350 equis
815 1310 961 1352 occupati
976 1310 1145 1352 strepitum
1160 1309 1308 1350 ederent,
1328 1310 1515 1354 Thrasybu-

185 1354 279 1396 liani,
307 1357 454 1387 resumtis
474 1359 584 1398 armis,
609 1359 772 1402 inopinato
794 1372 891 1393 cursu
913 1363 948 1393 in
969 1363 1051 1405 ipsos
1076 1363 1328 1404 contenderunt,
1358 1370 1409 1404 et,
1439 1365 1515 1407 qui-

185 1407 318 1440 busdam
338 1409 480 1451 ipsorum
491 1411 671 1453 prehensis,
695 1419 823 1445 caeteros
842 1426 951 1446 omnes
970 1416 1004 1447 iu
1025 1416 1136 1459 fugam
1158 1415 1335 1460 conjectOS,
1358 1417 1398 1448 ad
1414 1418 1512 1449 stadia

185 1471 238 1492 sex
263 1467 424 1504 septemve
446 1469 522 1494 sunt
544 1467 741 1508 persequuti.
779 1466 921 1510 Caesique
943 1467 984 1499 ab
1008 1468 1058 1499 his
1081 1474 1156 1500 sunt
1179 1480 1197 1500 e
1225 1469 1385 1511 peditibus
1409 1471 1513 1513 gravis

185 1520 353 1546 armaturae
375 1516 447 1558 plus
467 1528 564 1559 quam
590 1518 700 1560 CXX;
725 1531 766 1551 ex
785 1521 946 1564 equitibus
966 1521 1174 1562 Nicostratus,
1198 1528 1408 1565 cognomento
1432 1523 1514 1554 Pul-

187 1565 279 1606 cher,
300 1579 336 1598 ac
351 1568 414 1599 duo
433 1569 502 1610 alii,
520 1571 554 1601 in
568 1571 658 1603 lectis
676 1572 876 1615 deprehensi.
898 1575 1042 1606 Victores
1059 1581 1165 1616 postea
1188 1575 1387 1615 recedentes,
1406 1582 1511 1607 erecto

184 1623 319 1661 tropaeo,
343 1620 545 1665 coHectisque
566 1624 672 1666 spoliis
698 1626 862 1666 omnibus,
889 1627 1014 1670 Phylen
1035 1627 1211 1659 redierunt.
1237 1628 1361 1660 Interea
1389 1631 1512 1672 equites

185 1672 296 1703 auxilii
320 1673 384 1704 suis
405 1674 530 1706 ferendi
553 1676 660 1708 caussa
686 1678 819 1710 Athenis
844 1680 978 1722 egressi,
1005 1682 1135 1712 nemine
1159 1681 1299 1712 hostium
1329 1682 1411 1721 viso,
1437 1688 1512 1713 tan—

183 1724 282 1766 tisper
301 1725 382 1766 illic,
407 1726 463 1758 ubi
484 1733 602 1771 strages
622 1729 706 1761 facta
725 1738 808 1771 erat,
833 1733 1060 1773 substiterunt,
1080 1733 1181 1765 donec
1198 1745 1291 1765 caesos
1310 1734 1510 1766 sustulissent

182 1778 370 1820 propinqui:
392 1790 456 1821 quo
480 1781 565 1812 facto
585 1782 619 1812 in
639 1783 753 1815 urbem
778 1791 854 1816 sunt
878 1787 997 1818 reversi
1018 1786 1076 1829 (5).

183 1841 1504 1859 Ἣ

240 1868 279 1898 (ι)
296 1870 420 1899 Xenoplz.⁷
441 1871 453 1899 §
468 1872 494 1899 53
514 1873 587 1902 paulo
605 1873 675 1897 aliter
691 1876 770 1898 Diod.
781 1894 787 1905 ‚
807 1877 825 1900 1.
842 1878 860 1900 1.

241 1908 274 1937 (2)
291 1909 417 1938 Xenoph„
436 1911 449 1940 ᾗ
467 1912 492 1939 4;
512 1913 604 1941 Diod„
623 1922 643 1936 c.
660 1916 702 1943 32,
723 1915 748 1937 in
768 1915 824 1939 fine.

239 1947 273 1977 (3)
289 1949 394 1975 Jusiirz„
405 1949 436 1978 V,
446 1958 467 1979 9.
480 1951 661 1975 Pseudo-Plan
675 1954 699 1976 iu
708 1955 801 1985 Lysia,
815 1960 832 1979 ι.
843 1956 887 1986 1V,
897 1964 924 1988 p.
934 1957 990 1988 353,
1000 1957 1037 1981 ed.
1051 1958 1178 1988 Wyttenh.
1189 1958 1338 1986 Photius,in
1346 1960 1398 1982 vita
1404 1960 1506 1989 Lysiae.

240 1988 273 2017 (4)
289 1988 327 2011 Cf.
347 1989 503 2017 Schuectlzer,
526 1991 553 2014 in
572 2000 613 2017 na.
633 1994 664 2016 ad
683 1994 695 2024 §
713 1995 735 2017 6.

241 2027 280 2056 (5)
296 2028 408 2058 Xenoph.
429 2029 441 2059 ᾗ
457 2030 470 2052 5
481 2043 494 2047 -
506 2039 527 2060 7.
544 2031 584 2055 Cf.
599 2034 678 2056 Diod.
697 2042 717 2057 c.
738 2035 767 2058 33
782 2035 864 2059 initio.
1194 2069 1208 2095 5
