1763 2511
845 137 964 178 (66)

833 278 857 321 S
894 279 946 319 34-

259 395 315 425 De
341 395 456 425 causis
480 405 568 436 quae
593 393 812 437 confessionis
838 395 1070 426 auctoritatem
1102 395 1225 427 tollant
1250 396 1305 427 vel
1327 397 1538 428 imminuunt.

282 519 355 558 Quo
379 520 478 563 major
503 520 658 563 probandi
684 526 715 551 et
737 521 951 564 persuadendi
973 522 1020 553 vis
1048 532 1176 553 reorum
1204 522 1453 554 confessionibus
1471 524 1579 562 inest„

238 583 274 605 eo
297 574 476 604 accuratius
494 573 690 613 cavendum,
711 585 752 605 ne
774 585 831 605 nos
853 575 911 605 ista
930 574 1158 617 probabilitatis
1181 576 1301 617 species
1322 577 1354 606 in
1371 577 1485 607 malain
1502 588 1575 608 cre—-

238 626 406 658 dulitatem
430 627 584 669 impellat.
617 627 689 659 Non
714 627 830 660 desunt
856 628 1003 670 exempla
1028 629 1251 659 innocentium
1274 629 1332 670 qui
1365 629 1442 660 falsa
1471 629 1510 660 de
1540 640 1573 660 se

238 680 372 711 confessi
397 692 453 723 pro
471 680 661 711 nocentibus
682 681 886 712 condemnati
909 687 942 711 et
962 681 1103 712 indebita
1123 681 1280 724 supplicia
1303 684 1444 724 perpessi
1468 684 1573 714 fuere.

237 732 347 771 Quare
369 744 473 775 operae
499 734 641 775 pretium
666 739 728 772 est,
756 734 934 776 praecipuas
955 745 1064 765 causas
1095 734 1216 766 referre
1242 745 1314 778 quae
1344 735 1574 768 consessionem

236 785 349 816 falsam
369 785 529 824 efficiunt,
557 791 594 816 ut
618 796 730 816 earum
750 787 906 829 cognitio,
933 786 1034 818 veluti
1055 787 1201 830 quaedam
1225 788 1365 820 veritatis
1389 788 1459 828 fax,
1484 788 1581 819 nobis.

236 838 411 881 praeluceat
435 844 467 870 et
490 838 669 882 judicantes
687 839 726 870 ab
746 840 812 871 istis
833 840 971 883 scopulis
993 846 1125 873 avertat.

280 902 329 933 De
352 901 496 933 falsitatis
521 903 622 933 causis
643 914 714 945 quae
737 902 776 934 ad
799 903 1013 935 elocutionem
1034 909 1192 946 spectant,
1214 903 1296 934 nihil
1321 903 1493 934 dicendum
1518 915 1576 935 su-

238 962 357 998 perest,
374 956 449 998 quia
469 956 649 986 confitentis
666 967 731 986 non
746 956 838 987 aliter
857 968 954 999 quam
969 957 1112 987 testantis
1131 955 1304 1000 cujuslibet
1323 956 1417 988 verba
1434 956 1576 1000 judicem

239 1009 415 1051 decipiunt.
444 1008 506 1039 Sed
526 1008 614 1039 aliud
639 1008 813 1040 dicendum
837 1009 876 1040 de
896 1009 1064 1041 intellectu
1088 1015 1120 1040 et
1141 1009 1306 1041 voluntate
1331 1020 1403 1051 quoe
1424 1020 1489 1039 non
1516 1008 1581 1040 sub

238 1062 350 1094 eodem
367 1073 494 1105 prorsus
510 1068 641 1105 aspectu
651 1063 685 1092 in
702 1063 889 1102 confitente,
905 1073 1002 1105 quam
1014 1063 1048 1093 in
1064 1068 1143 1093 teste
1162 1062 1336 1101 ordinario,
1349 1061 1579 1093 consideranda

238 1121 324 1147 sunt.
352 1116 490 1146 Maxima
509 1116 618 1157 itaque
643 1126 809 1147 causarum
829 1127 902 1158 pars
923 1126 996 1158 quae
1019 1121 1132 1147 testem
1153 1115 1351 1147 ordinarium
1374 1116 1408 1146 in
1435 1126 1576 1146 errorem

239 1169 422 1208 abducunt,
441 1170 474 1199 in
490 1169 661 1201 confitente
676 1169 805 1200 nullum
820 1170 987 1211 reperiunt
1002 1168 1121 1200 locum.
1143 1168 1239 1208 Nam,
1259 1174 1298 1200 ut
1316 1168 1378 1212 jam
1397 1167 1579 1207 observavi,

239 1233 309 1253 non.
324 1221 418 1254 facile
439 1221 618 1264 decipimur
638 1222 676 1252 inr
692 1222 729 1251 iis
747 1233 820 1263 quae
835 1223 895 1264 ipsi
911 1222 1063 1262 fecimus,
1085 1234 1145 1253 nec
1164 1233 1360 1264 que-mquam
1380 1233 1453 1252 sana
1469 1227 1576 1253 mente

239 1275 317 1306 adeo
338 1286 396 1306 sua
414 1274 606 1306 conscientia
627 1274 761 1315 fefellit,
782 1281 819 1306 ut
842 1286 883 1306 ne
905 1275 1008 1306 scelus
1028 1275 1114 1317 quod
1135 1286 1199 1305 non
1220 1274 1389 1306 admiserat
1414 1274 1581 1305 admisisse·

240 1328 395 1359 crederet.
418 1327 528 1366 Quare
549 1327 610 1358 hoc
631 1329 764 1358 unicum
785 1327 926 1371 judicem
943 1339 1087 1370 quaerere
1108 1333 1246 1370 oportet,
1260 1338 1343 1358 anne
1361 1328 1386 1358 is
1403 1328 1460 1370 qui
1476 1328 1578 1358 confi—

240 1388 326 1413 tetur
349 1381 453 1424 aliqua
475 1381 597 1412 insania
619 1380 756 1419 laboret,
782 1380 834 1412 vel
857 1391 940 1411 aune
959 1381 1097 1411 fanatico
1118 1380 1257 1422 quodam
1277 1380 1388 1411 furore
1409 1380 1582 1420 turbetur,

240 1441 278 1467 ut
299 1435 351 1470 illi,
365 1435 421 1478 qui
441 1434 603 1477 quondam
629 1424 661 1464 se
689 1434 919 1465 incantamenti
940 1439 996 1466 aut
1015 1434 1101 1476 pacti
1122 1444 1196 1465 cum
1214 1432 1411 1465 daemonibus
1434 1433 1505 1464 initi
1523 1444 1578 1464 ac·-

242 1487 404 1519 cusabant.

285 1550 381 1590 Quod
399 1551 425 1581 si
451 1561 526 1582 vero
546 1551 750 1584 confitentem
770 1562 844 1582 sana
868 1556 976 1583 mente
999 1550 1106 1583 videat
1134 1549 1291 1593 gaudere,
1317 1555 1396 1580 tunc
1419 1549 1583 1592 inspicere

241 1605 351 1644 debet,
377 1615 460 1635 anne
480 1604 586 1647 aliqu&
607 1605 699 1636 caus&
730 1605 769 1637 ad
790 1605 868 1636 falso
889 1605 928 1636 de
948 1615 979 1636 se
1001 1603 1220 1635 confitendum
1245 1602 1377 1633 forsitan
1399 1608 1575 1634 moveatur.

240 1658 305 1689 Illae
327 1665 435 1690 autem
460 1670 561 1689 causae
582 1658 631 1690 vel
653 1658 692 1689 ad
717 1660 765 1690 sui
787 1669 943 1697 amorem,
968 1657 1018 1690 vel
1039 1657 1078 1688 ad
1094 1657 1246 1688 affectum
1269 1667 1343 1699 erga
1366 1655 1441 1686 alios
1463 1656 1578 1687 referri

241 1717 381 1754 possunt.
408 1711 564 1750 Quamvis
583 1711 670 1744 enim
692 1722 709 1742 a
730 1711 887 1754 paradoxo
908 1722 973 1742 non
988 1710 1135 1743 videatur
1150 1715 1310 1743 remotum
1331 1709 1452 1748 dicere,
1470 1708 1577 1740 homi-

242 1774 317 1794 nem
341 1766 389 1795 sui
410 1775 516 1795 amore
534 1764 659 1806 impelli
680 1764 719 1795 ad
739 1764 815 1795 falsa
835 1765 968 1795 crimina
995 1763 1053 1795 sibi
1076 1763 1282 1807 imputanda,
1303 1768 1342 1794 ut
1360 1762 1475 1806 judicis
1501 1772 1582 1793 sen-

245 1816 343 1849 tentiai
365 1818 612 1857 condemnetur,
638 1825 745 1851 tamen
769 1820 863 1852 variis
887 1819 988 1850 modis
1008 1818 1042 1850 id
1068 1817 1136 1848 fieri
1156 1827 1246 1860 posse
1266 1827 1331 1847 non
1355 1821 1402 1847 est
1424 1814 1576 1846 dubitan—

245 1871 343 1910 dum,
369 1871 394 1901 si
419 1882 449 1902 v.
471 1882 502 1912 g.
525 1871 638 1913 aliquis
664 1873 700 1904 in
724 1878 882 1903 extremas
904 1883 1014 1904 rerum
1040 1870 1200 1914 angustias
1225 1869 1401 1907 deductus,
1429 1867 1522 1899 malit.
1541 1878 1575 1898 se

244 1935 370 1956 carcere
393 1924 515 1955 includi
535 1935 632 1967 quani
650 1926 757 1969 inopia
784 1927 909 1969 premi,
935 1927 965 1959 si
982 1927 1054 1959 vitae
1081 1930 1138 1957 aut
1165 1923 1298 1955 carceris
1319 1927 1489 1964 pertaesus,
1514 1920 1576 1952 hoc
