1763 2511
829 203 845 245 (
869 203 888 234 5
910 203 926 245 )

211 287 292 317 mihi
296 288 538 328 probabantur.
553 304 596 310 —
607 285 672 316 Sed
684 296 724 315 ne
742 283 827 315 Viri
844 285 892 315 Cl.
905 285 986 315 meis
998 285 1095 316 rebus
1107 288 1283 318 narrandis
1296 294 1534 323 vestrumsstem-

205 360 275 389 pus
296 360 509 385 consumam,
530 349 591 379 lzoc
611 358 713 378 unum
732 345 853 376 addere
874 346 993 383 liceat,
1027 358 1077 378 me
1106 348 1221 379 divina
1245 352 1366 380 summi
1390 352 1535 382 Romani

209 412 336 452 scripta
358 412 445 442 tanti
453 409 572 453 facere
580 432 594 446 ,
622 415 660 439 ut
680 409 777 439 illius
802 408 903 440 verba
928 408 967 439 cle
982 412 1198 450 praestantia
1218 413 1305 443 XII
1324 414 1531 450 tabularum,

211 484 298 515 quae
320 473 463 515 legimus
486 472 525 503 de
548 472 681 503 Oratore
706 472 764 502 lib.
788 472 821 503 I.
848 483 921 513 cap.
946 471 1000 511 44.
1017 475 1163 513 paulum
1187 476 1362 506 immutata
1390 477 1440 506 sic
1461 488 1535 507 mea

202 535 334 578 faciam
352 547 362 565 :
397 536 592 566 »Fremant
619 546 730 565 omnes
763 535 859 572 licet,
893 535 1003 565 dicam
1037 537 1128 578 quod
1156 539 1284 567 sentio:
1315 538 1534 569 bibliothecas

208 598 392 629 mehercule
411 599 635 639 plurimorum
664 598 840 634 librorum,
870 599 1086 629 recentiorum
1120 599 1155 628 in
1183 600 1323 639 primis,
1363 612 1430 630 una
1453 600 1535 630 milli

207 659 363 691 videntur
389 660 555 691 Ciceronis
578 670 696 700 opera,
727 660 759 690 si
779 660 856 702 quis
883 671 934 691 res
955 661 1180 702 gravissimas
1204 667 1237 691 et
1259 662 1347 691 scitu
1371 662 1535 704 dignissi-

208 732 298 756 mas,
327 720 361 750 in
386 721 429 750 iis
457 726 641 757 tractatas,
672 721 811 757 viderit,
838 727 871 752 et
894 723 1106 753 auctoritatis
1132 723 1278 764 pondere
1312 729 1345 753 et
1374 724 1534 753 utilitatis

209 783 360 814 ubertate
383 781 577 823 superare.”

257 845 305 875 Ut
327 851 439 876 autem
458 856 551 876 nemo
576 845 732 876 humanis
756 845 850 876 vitiis
878 857 943 876 non
965 846 1112 883 laborat,
1144 847 1195 877 sic
1217 848 1319 877 etiam
1349 847 1534 878 Ciceronem

208 908 252 938 ab
279 909 322 938 iis
350 909 527 939 immunem
555 919 620 938 non
637 907 755 951 fuisse
779 909 865 938 inter
883 919 993 938 omnes
1019 914 1160 939 constat.
1190 909 1261 939 Ad
1289 910 1420 950 reliqua
1446 910 1538 951 quod

210 971 350 1006 attinet,
378 970 460 1000 liaeo
480 971 566 1000 satis
582 981 748 1012 superque
768 981 789 1000 a
808 970 930 1000 summi
955 970 1019 1000 viri
1043 970 1317 1000 obtrectatoribus
1343 972 1434 1001 velut
1454 971 1535 1001 tuba

202 1037 443 1073 per-sonantur:
461 1043 562 1062 unum
585 1032 695 1061 minus
715 1032 880 1071 carpitur,
909 1032 1002 1072 quod
1017 1043 1132 1073 nempe
1154 1033 1357 1074 aliquando,
1382 1034 1483 1063 nimio
1502 1040 1536 1064 et

201 1093 275 1136 fere
294 1105 387 1124 coeco
397 1094 588 1135 patriarum
603 1104 710 1124 rerum
726 1093 891 1124 abductus
911 1105 1037 1131 amore,
1058 1096 1192 1125 inventa
1210 1101 1244 1125 et
1258 1096 1375 1126 merila
1392 1096 1536 1126 aliorum

199 1158 417 1198 populorum,
444 1156 643 1187 Graecorum
658 1157 693 1186 in
700 1157 824 1197 primis
831 1178 843 1192 ,
850 1155 929 1198 fere
947 1157 1036 1186 omni
1052 1157 1086 1186 in
1102 1168 1135 1186 re
1152 1157 1376 1188 Romanorum
1392 1158 1534 1188 inventis

205 1226 238 1250 et
270 1221 397 1252 meritis
424 1225 616 1261 postponat.
655 1219 782 1250 Nullus
817 1223 886 1255 est,
925 1218 986 1260 qui
1010 1219 1202 1259 patriarum
1232 1229 1338 1248 rerum
1370 1220 1535 1249 amantior

206 1294 279 1313 esse
297 1284 426 1324 possit,
454 1294 557 1325 quam
580 1294 642 1325 ego
668 1293 760 1319 sum,
789 1283 916 1324 quique
941 1282 1052 1324 magis
1080 1281 1196 1312 laudet
1216 1293 1313 1318 eum,
1343 1283 1535 1324 quicunque

206 1356 288 1375 suae
321 1346 469 1375 nationis
501 1346 550 1376 sit
583 1345 780 1376 studiosus:
815 1346 986 1376 veritatem
1020 1355 1118 1381 vero,
1154 1350 1193 1374 ut
1225 1356 1355 1386 semper
1384 1345 1533 1375 colamus

205 1419 408 1448 summopere
428 1413 574 1448 oportet,
597 1407 806 1438 recordantes
828 1407 937 1438 illud:
960 1407 1082 1438 amicus
1096 1406 1203 1446 Plato,
1229 1407 1352 1438 amicus
1371 1407 1532 1447 Socrates,

206 1469 260 1501 sed
284 1470 383 1511 magis
407 1470 507 1500 amica
533 1470 658 1502 veritas.
1519 1463 1526 1471 ’

249 1531 398 1574 Mirifice
421 1533 527 1574 igitur
546 1532 634 1564 Viri
658 1532 707 1562 Cl.
733 1533 815 1562 milii
829 1533 966 1573 placuit
980 1533 1156 1572 proposita
1177 1543 1199 1561 a
1223 1531 1339 1562 Vobis
1355 1533 1529 1573 quaestio,

207 1599 246 1623 ut
268 1604 309 1623 ex
328 1593 480 1624 omnibus
510 1593 675 1624 Ciceronis
696 1594 832 1634 scriptis
854 1604 895 1624 ea
918 1593 1139 1634 seligerentur
1162 1594 1258 1630 loca„
1287 1594 1410 1635 quibus
1439 1595 1529 1635 ipse,

207 1667 425 1698 quascunque
452 1656 585 1686 tandem
617 1656 657 1686 ob
683 1667 826 1692 causas,
860 1661 922 1686 aut
944 1667 1050 1697 aeq-ue
1080 1662 1141 1686 aut
1170 1657 1283 1698 inique
1319 1656 1360 1687 de
1395 1656 1532 1688 Graecis

197 1717 377 1759 judicasse
399 1718 580 1748 censendus
601 1719 658 1748 sit.
679 1735 722 1742 ·-
743 1718 874 1748 Amico
889 1717 983 1748 modo
1000 1729 1021 1748 a
1038 1718 1132 1748 vobis
1148 1719 1250 1759 quasi
1272 1719 1416 1760 cogebar
1428 1719 1533 1750 dilec—

206 1785 277 1810 tum
294 1790 401 1810 meum
424 1779 608 1810 Ciceronem
623 1780 741 1811 iterum
757 1781 937 1817 revolvere,
957 1781 1000 1811 ab
1023 1781 1119 1811 initio
1140 1792 1247 1822 usque
1265 1781 1313 1811 ad
1325 1781 1431 1823 finem
1450 1782 1532 1813 dili—

203 1847 321 1885 genter
334 1843 505 1885 perlegere
527 1848 561 1873 et
579 1853 761 1884 excerpere.
796 1841 901 1884 Cujus
928 1843 1088 1873 assiduae
1112 1843 1263 1873 lectionis
1280 1842 1532 1885 jucunditatem

205 1910 308 1947 atque
343 1906 542 1942 utilitatem,
588 1905 759 1947 quidquid
784 1905 824 1936 cle
858 1917 931 1936 mea
972 1905 1313 1936 Commentatiuncula
1337 1905 1531 1949 judicaturi

204 1968 304 2004 sitis,
333 1979 384 1998 me
407 1968 501 1998 vobis
526 1967 660 2004 debere,
686 1979 815 2010 semper
839 1973 949 1999 tamen
974 1968 1089 1999 lubens
1110 1968 1300 2010 profitebor.
