1820 2568
778 207 900 251 (47)

171 299 243 320 cere
259 288 317 330 (1)
352 288 435 319 Dein
457 284 676 329 Thrasybulus
697 282 777 313 alter
798 281 988 324 Colyttensis
1001 305 1010 321 ,
1039 283 1095 324 qui
1116 288 1223 325 postea
1247 282 1295 314 bis
1317 283 1351 313 in
1377 283 1506 315 vincula

170 342 347 387 conjectus,
369 340 455 384 apud
473 339 631 383 populum
646 339 680 368 in
694 335 852 380 judicium
868 334 933 366 fuit
948 340 1079 367 vocatus
1095 335 1143 379 (2)
1154 361 1162 376 ,
1182 342 1214 368 et
1233 336 1433 380 Chaerephon
1451 336 1506 369 ille

170 396 363 435 Socraticus,
395 395 450 437 qui
471 391 641 435 aliquando
664 389 805 433 Delphos
830 389 1011 432 profectus,
1036 390 1184 434 Pythiam
1208 392 1437 435 interrogavit,
1466 403 1506 423 an

171 457 251 482 esset
270 450 356 481 ullus
379 448 506 479 Socrate
525 446 712 489 sapientior,
733 456 769 475 ac
789 455 979 487 responsum
999 443 1092 484 tulit,
1114 445 1341 488 sapientiorem
1363 457 1429 477 esse
1447 457 1509 477 ne—

170 504 290 536 minem
312 502 370 544 (3).
396 500 602 532 Aristocrates
620 499 763 542 denique
785 498 892 530 Scellii
913 498 997 530 filins
1018 498 1085 542 (4),
1111 499 1260 543 Ergocles
1279 499 1325 543 (5)
1339 524 1348 540 ,
1373 499 1518 543 Epicra-.

172 564 218 589 tes
232 557 295 599 (6),
321 555 451 598 aliique.

215 895 252 915 DE
274 895 328 924 ns,
353 894 420 920 QUAE
443 894 504 915 NON
528 892 578 914 ITA
601 893 707 914 MULTO
731 893 806 914 POST
829 894 938 914 POPULI
962 893 1096 914 REDITUM
1119 893 1244 915 ATHENIS
1267 893 1464 915 ACCIDERUNT.

219 1113 394 1158 lnterjectis
409 1114 519 1156 paucis
536 1112 664 1151 diebus,
682 1123 756 1144 cum
777 1111 926 1144 auditum
944 1119 1040 1153 esset,
1064 1124 1132 1153 eos,
1154 1114 1210 1157 qui
1232 1113 1384 1145 Eleusine
1405 1121 1511 1154 erant,

175 1180 240 1200 non
269 1169 376 1199 minus
403 1168 565 1199 restitutos
588 1166 734 1207 exsules,
760 1178 858 1209 quam
882 1178 915 1199 se
940 1168 975 1198 in
1003 1167 1152 1198 exsilium
1178 1173 1263 1198 actos
1288 1167 1512 1211 indignantes,

176 1221 378 1265 tyrannidem
397 1231 589 1263 recuperare
610 1220 708 1260 velle,
730 1226 826 1263 atque
849 1220 889 1252 ad
909 1232 979 1252 eam
1002 1232 1070 1252 rem
1093 1221 1342 1261 conficiendam,
1365 1227 1513 1253 externos

175 1275 292 1307 milites
317 1275 513 1314 conducere,
539 1274 742 1317 expeditione
763 1280 872 1305 contra
894 1285 946 1306 eos
963 1286 1022 1317 per
1046 1281 1149 1306 totum
1170 1274 1332 1318 populum
1351 1274 1512 1318 suscepta,

176 1340 289 1360 eorum
315 1328 412 1360 duces
437 1328 477 1359 ad
499 1328 694 1371 colloquium
722 1340 917 1372 progressos,
945 1340 1003 1372 per
1023 1329 1151 1361 insidias
1176 1330 1441 1373 comprehensos,
1476 1336 1514 1362 ut

177 1386 262 1427 pacis
283 1383 443 1423 victimas,
464 1382 709 1415 trucidaverunt
726 1383 784 1426 (7).
810 1384 884 1423 Quo
904 1384 1000 1416 etiam
1021 1390 1165 1427 tempore
1185 1385 1309 1428 Lysias,
1331 1390 1363 1415 et
1383 1384 1515 1428 privatis

177 1437 353 1468 inimicitiis
369 1443 402 1467 et
420 1438 583 1469 communi
604 1437 824 1480 indignatione
841 1449 1008 1478 accensus,
1028 1437 1315 1470 luculentissimam
1335 1437 1423 1469 illam
1442 1449 1515 1468 ora-

179 1491 299 1522 tionem
321 1497 430 1522 contra
452 1491 730 1531 Erastosthenem,
756 1491 861 1534 primo
882 1492 984 1523 XXX
1008 1492 1134 1532 virum,
1161 1491 1236 1524 dein
1262 1492 1295 1523 X
1323 1492 1430 1524 virum
1454 1491 1515 1522 ha-

177 1543 283 1574 buisse
311 1544 440 1576 videtur
460 1544 519 1587 (8).
551 1544 664 1576 Caeteri
692 1556 783 1584 vero,
811 1546 868 1587 qui
896 1545 1047 1577 Eleusine
1073 1545 1251 1588 degebant,
1284 1545 1323 1576 ab
1348 1545 1458 1576 amicis
1482 1551 1515 1576 et

180 1598 362 1629 necessariis
376 1598 416 1629 ad
438 1609 491 1629 eos
512 1599 630 1638 missis,
655 1599 819 1638 commoti,
844 1609 920 1629 cum
942 1598 1072 1630 urbanis
1091 1605 1291 1642 transegere:
1317 1605 1366 1639 et,
1387 1610 1429 1630 ne
1450 1610 1514 1642 qua

181 1650 330 1682 dissensio
359 1662 398 1682 ex
427 1652 578 1682 anteactis
610 1657 814 1691 nasceretur,
839 1651 944 1695 legem
974 1652 1049 1684 tulit
1073 1652 1309 1696 Thrasybulus:
1343 1665 1362 1684 ))
1374 1652 1423 1685 Ne
1443 1653 1514 1696 quis

241 1764 280 1793 (ι)
296 1764 402 1793 Lysias,
420 1764 475 1786 adu.
495 1765 573 1794 Agar.
590 1763 608 1786 l..
627 1764 649 1786 1..

241 1804 275 1834 (2)
291 1803 435 1831 Demosdz„
447 1804 503 1826 (ια’ν.
517 1804 649 1833 Timet-(21.
661 1804 679 1827 l.
689 1817 718 1822 —
727 1804 808 1835 Hujus
816 1805 890 1829 etiam
902 1805 1051 1829 mentionem
1060 1806 1118 1829 fecit
1131 1806 1278 1837 Xenophon,
1289 1807 1360 1830 Hell.
1372 1807 1404 1837 V,
1418 1815 1440 1837 ι,
1455 1807 1513 1838 §2ss

241 1843 274 1873 (3)
292 1843 382 1871 Plato,
402 1842 430 1865 iu
445 1844 520 1873 Apol.
540 1844 620 1872 Soma,
639 1852 664 1874 p.
683 1853 720 1875 97.

241 1883 274 1913 (4)
292 1883 441 1910 Denzostlc„
457 1884 513 1906 adv.
535 1883 708 1911 Theocrinem,
729 1893 754 1916 p.
770 1885 825 1909 516.

239 1923 279 1952 (5.)
295 1923 402 1953 Lysias,
423 1923 478 1946 adv.
495 1924 642 1954 Ergoclem,
659 1932 684 1954 p.
700 1925 752 1947 460.

241 1963 280 1993 (6)
297 1963 428 1986 Demosth.
445 1964 475 1986 de
483 1963 556 1993 salsa
575 1964 712 1994 legatione,
733 1972 758 1995 p.
778 1966 834 1996 237..

241 2003 280 2032 (7)
298 2003 410 2033 Xenopli.
432 2003 444 2033 §
459 2003 497 2025 41.
515 2004 641 2032 Iustinus,
659 2003 691 2033 V,
712 2012 751 2027 ιο.

242 2043 275 2073 (8)
295 2043 400 2074 Taylor,
419 2043 447 2067 in
463 2044 549 2075 Lysiae
572 2045 647 2074 Vita,
667 2052 693 2075 p.
712 2045 751 2076 49.
