1763 2511
895 212 910 253 <
933 214 954 253 4
977 212 993 254 )

328 297 403 326 Iioc
427 301 529 332 certe,
565 296 650 327 Viri
679 295 892 326 Clarissimi!
920 300 1018 336 grato
1051 296 1163 326 animo
1182 296 1399 339 professurus
1424 303 1477 329 est
1500 310 1608 330 unus-

281 360 447 400 quisque,
490 360 550 400 qui
577 358 624 389 acl
650 358 878 400 quaestionem
907 368 928 386 a
957 356 1071 387 V‘obis
1095 360 1306 400 propositam
1336 360 1504 391 diatriben
1526 372 1605 392 con-

281 422 470 461 scripserit,
494 420 682 461 cujusmodi
697 432 756 462 ego
771 421 872 450 etiam
886 421 1153 463 qualemcunque
1171 423 1286 454 Vobis
1303 423 1415 466 offero.
1442 424 1608 463 Quaestio

281 490 391 514 aulem
423 485 472 514 sic
497 496 532 515 se
558 484 678 514 habet:

324 547 454 588 Scripsit
473 546 514 577 M.
537 546 574 577 A.
597 547 741 578 Muretus
760 545 834 576 Var.
854 546 940 576 Lect.
965 546 1063 585 XIX,
1085 546 1122 585 4:
1152 557 1170 576 ))
1186 546 1229 577 Μ.
1245 546 1387 586 Tullius,
1409 558 1608 590 quamquam

283 620 300 638 »
325 610 474 649 φιλέλλην
499 615 530 639 et
551 615 634 648 erat,
661 615 693 640 et
719 608 828 639 haberi
851 607 993 647 volebat,
1025 608 1221 640 Graecorum
1246 615 1352 639 tamen
1378 610 1499 640 nationi
1522 621 1606 640 non—

282 682 300 700 »
324 682 492 714 nunquam
513 672 702 715 subiniquus
719 671 861 703 videtur:
885 683 949 702 non
970 677 1111 712 tantum,
1134 672 1191 703 ubi
1206 683 1318 704 causae
1335 674 1474 704 serviens
1494 684 1607 705 eorum

281 745 299 764 ))
324 734 417 765 fidem
445 736 478 765 in
506 736 692 766 testimoniis
719 734 839 772 elevat,
874 735 1036 766 levitatem
1065 736 1257 773 insectatur,
1286 736 1430 766 instituta
1463 735 1603 766 deridet:

280 797 376 826 »sed
407 797 501 826 etiam
535 808 610 827 cum
642 797 816 826 Romanam
847 796 992 838 linguam
1029 796 1198 828 verborum
1243 797 1331 838 copia
1366 797 1506 828 Graecae
1539 809 1604 828 non

280 870 298 888 2>
323 870 431 901 parem
450 859 558 897 modo,
583 858 637 889 sed
655 859 751 890 etiam
776 859 974 900 superiorem
996 859 1104 890 facit.”
1129 878 1172 884 —
1189 870 1208 890 >>
1241 860 1400 891 )uaeritu1·
1420 860 1544 902 itaque,
1567 866 1606 891 ut

279 931 298 951 ))
323 931 362 951 ex
379 921 527 963 operibus
548 921 707 952 Ciceronis
725 932 790 952 non
807 927 932 952 tantum
955 922 1060 952 omnia
1081 922 1135 953 ina
1155 922 1222 953 loca
1240 922 1389 965 deinceps
1412 922 1604 965 seligantur,

280 993 298 1013 ))
323 983 438 1024 quibus
461 984 544 1025 ipse,
569 993 776 1024 quascunque
798 983 927 1013 tandem
953 983 992 1014 ob
1015 995 1141 1025 causas,
1167 991 1222 1018 aut
1244 997 1334 1028 aeque
1358 991 1414 1016 aut
1434 986 1545 1028 inique
1564 985 1604 1016 de

281 1056 299 1075 3>
324 1045 442 1075 Graecis
466 1044 621 1088 judicasse
646 1045 822 1076 censendus
847 1047 902 1085 sit,
940 1057 1051 1078 verum
1083 1048 1200 1086 etiam,
1240 1053 1277 1078 ut
1313 1047 1366 1077 illa
1398 1047 1508 1090 judicii
1538 1049 1604 1080 sive

280 1120 299 1138 ))
323 1110 453 1150 aequitas
477 1110 542 1139 sive
566 1109 716 1150 iniquitas
739 1116 1002 1151 argumentorum
1029 1110 1204 1142 rationibus
1227 1109 1413 1152 probetur.''

330 1171 491 1210 Quaestio
510 1170 660 1213 profecto
684 1172 952 1213 elegantissima.
992 1174 1088 1212 Quae
1116 1175 1203 1204 enim
1230 1185 1271 1203 ex
1302 1179 1371 1203 tota
1401 1173 1607 1214 antiquitate

280 1234 376 1264 lectio
407 1234 557 1270 dulcior,
595 1245 682 1276 quae
708 1233 910 1276 jucundior,
952 1228 1040 1276 quae
1076 1237 1192 1266 utilior
1225 1246 1297 1266 esse
1326 1241 1462 1276 potest,
1504 1246 1606 1276 quarn

280 1298 476 1338 scriptorum
501 1298 622 1327 summi
646 1299 806 1334 oratoris,
834 1298 951 1327 eximii
974 1298 1171 1338 philosophi
1179 1319 1192 1333 ,
1222 1297 1421 1327 suavissimi
1446 1298 1607 1338 epistola-

278 1361 423 1403 graphi,
455 1365 557 1401 atque
583 1360 714 1390 omnino
741 1359 837 1396 ejus,
874 1371 972 1401 quem
996 1361 1118 1401 optimo
1135 1359 1218 1402 jure
1252 1371 1362 1390 omnes
1396 1360 1606 1401 eloquentiae

245 1463 253 1469 -
279 1424 452 1456 Romanae
461 1429 635 1465 parentem
651 1423 792 1459 liabent,
815 1440 858 1446 —
877 1434 980 1464 quam
999 1424 1195 1464 scriptorum
1215 1423 1269 1453 M.
1292 1422 1397 1452 Tullii·
1415 1422 1606 1453 Ciceronis?

323 1486 492 1528 Equidem
522 1487 567 1517 ab
595 1487 729 1527 optimis
755 1486 956 1527 parentibus
989 1486 1100 1517 adhuc
1126 1496 1215 1527 puer
1246 1485 1293 1515 ad
1316 1485 1465 1525 peritum
1497 1485 1606 1514 virum

281 1549 459 1585 deductus,
507 1554 545 1579 ut
576 1548 720 1579 Latinas
763 1548 977 1590 Graecasque
1010 1549 1170 1594 discerem
1205 1548 1341 1583 literas,
1378 1546 1458 1588 jam
1494 1552 1606 1578 tenera

282 1619 392 1643 aetate
417 1613 502 1642 miro
535 1611 700 1643 Ciceronis
734 1623 844 1643 amore
877 1613 1044 1654 capiebar.
1081 1613 1186 1652 Saepe
1221 1612 1255 1641 in
1284 1610 1474 1640 memoriam
1509 1609 1604 1641 redeo

283 1676 376 1705 illius
403 1675 575 1716 temporis,
610 1686 676 1717 quo
701 1676 859 1705 eximiam
876 1676 1014 1717 percepi
1045 1675 1230 1710 laetitiam,
1264 1674 1377 1715 legens
1392 1672 1489 1715 forte
1518 1672 1607 1705 illud

287 1737 512 1776 Quintiliani:
536 1749 554 1768 ))
570 1749 644 1768 eum
650 1737 729 1780 jam
751 1739 891 1768 multum
908 1737 1112 1781 profecisse,
1142 1737 1197 1767 cui
1223 1736 1333 1766 Cicero
1352 1733 1541 1776 placeret.”
1561 1753 1604 1761 —·—

283 1800 427 1830 Memini
445 1811 494 1830 me
514 1801 640 1842 gaudio
657 1801 826 1831 exsultare
844 1807 876 1831 et
893 1811 976 1831 novo
999 1802 1111 1832 animo
1129 1799 1177 1830 ad
1200 1799 1389 1841 Officiorum
1409 1798 1601 1835 lectionem,

283 1863 318 1892 in
342 1873 410 1904 qua
435 1868 511 1892 tunc
531 1873 622 1893 eram
643 1869 842 1905 occupatus,
871 1863 986 1894 redire.

326 1925 396 1956 Ad
410 1925 641 1956 Academicas
659 1926 776 1957 deinde
789 1933 967 1968 provectus
991 1927 1166 1962 lectiones,
1195 1925 1486 1956 dilectissimorum
1498 1934 1604 1965 prae—

281 1993 446 2029 ceptorum
461 1989 618 2019 suasione
635 1994 668 2019 et
687 1991 838 2031 exemplo
860 1991 1025 2024 Ciceronis
1045 2000 1145 2031 opera
1163 1999 1204 2019 ea
1214 1987 1329 2030 fuere,
1352 1997 1440 2029 quae
1455 1986 1600 2018 maxime
