1763 2511
812 178 829 220 (
854 189 888 210 ¹¹
915 178 932 221 )

202 252 298 283 minis
319 250 492 283 consectari
512 249 665 281 solebant.
686 250 827 292 Legatur
846 251 993 292 inprimis
1010 252 1102 283 Doct.
1124 259 1157 284 et
1178 253 1319 287 Consult.
1346 256 1453 290 Groen
1474 270 1535 292 van

200 306 380 337 Prinsterer
408 302 680 347 Prosopographia
701 302 882 343 Platonica,
908 315 980 347 pag.
1002 306 1041 339 77
1059 323 1080 328 -
1098 307 1149 340 79,

785 386 859 417 CAP.
884 388 938 418 21.

244 461 363 497 Nunc,
400 459 560 502 quoniam
599 463 738 501 uterque
771 459 918 490 vestram
956 476 1000 485 —·
1037 465 1131 493 taum
1164 463 1226 495 hoc
1263 463 1493 497 sahurbannm

638 513 857 555 gymnasiam
881 519 1092 556 anteponam.

240 594 440 637 Subiniquus
460 593 590 625 videtur
611 593 722 625 Cicero
741 593 922 627 Academiae
942 607 979 627 ac
998 597 1114 640 Lyceo.
1139 597 1315 642 Nunquam
1332 601 1418 632 enim
1436 602 1535 634 Roma

196 648 275 680 tales
295 648 375 680 vidit
400 647 624 691 philosophos,
650 648 760 691 quales
783 648 828 680 ibi
851 648 1042 682 floruerunt.
1069 649 1187 694 Negari
1209 658 1317 684 tamen
1332 665 1397 685 non
1413 660 1532 697 potest,

198 701 318 742 Crassi,
342 702 409 733 sive
432 701 537 743 potius
563 701 724 733 Ciceronis
746 701 829 744 (vid.
851 703 945 734 Doct.
971 703 1077 736 Nauta
1101 704 1136 735 in
1162 704 1437 739 Commentatione
1464 706 1533 739 loco
1563 747 1567 750 ι

190 754 309 796 laud.)
337 760 516 797 praecepta,
544 754 761 786 Romanorum
790 755 860 787 foro
889 757 990 799 magis
1017 768 1084 788 esse
1105 764 1195 800 apta,
1221 770 1320 802 quam
1344 771 1397 801 ea,
1423 772 1495 804 quae
1515 773 1533 792 a

197 808 318 839 Graecis
344 806 568 848 tradebantur,
593 807 713 851 illaque
735 814 904 852 propterea
929 809 980 840 his
1001 820 1068 841 esse
1092 812 1326 854 anteponenda.

723 890 796 922 CAP.
821 892 865 921 22
887 902 925 923 ET
947 892 1002 924 23.

244 964 365 1004 Quid?
395 963 477 994 milti
502 975 589 994 nnnc
611 974 669 994 vos
692 980 736 987 --
758 963 858 1005 cnjus
879 965 1028 1005 vestigia
1038 966 1203 1006 persequi
1225 967 1384 1008 cupiunt,
1413 968 1488 1010 ejas

633 1015 834 1046 sententiam
857 1015 1087 1046 sciscitantur.

239 1097 363 1130 Acerbe
382 1097 568 1140 perstringit
585 1096 696 1128 Cicero
716 1096 852 1128 istorum
868 1097 1138 1130 consuetudinem
1157 1098 1438 1143 philosophorum,
1458 1103 1530 1145 qui,

191 1161 406 1195 quaecumque
430 1152 531 1194 posita
558 1156 640 1182 esset
659 1149 810 1193 quaesti0‚
840 1149 880 1181 de
904 1150 965 1181 hac
986 1152 1093 1183 statim
1113 1162 1146 1183 se
1170 1153 1266 1186 verba
1289 1154 1430 1186 facturos
1453 1167 1531 1198 pro—

190 1206 378 1244 fiterentur,
404 1205 526 1247 quique
551 1203 773 1246 Sophistarum
795 1204 927 1235 nomine
946 1204 1091 1248 insigniti
1111 1213 1197 1238 sunt.
1227 1207 1386 1241 Universe
1406 1210 1530 1252 impro—

189 1258 294 1290 banda
309 1257 437 1292 videtur
459 1257 528 1288 haec
543 1256 718 1288 disserendi
739 1257 837 1298 ratio,
862 1267 923 1288 nec
946 1258 1007 1289 nisi
1030 1260 1141 1302 paucis
1161 1265 1289 1292 tantum
1308 1262 1527 1302 concedenda,

190 1323 306 1355 magna
325 1321 443 1353 nempe
463 1310 585 1353 ingenii
606 1309 761 1342 facultate
781 1310 1023 1343 excellentibus.
1043 1313 1153 1345 Fuisse
1165 1320 1273 1347 tamen
1289 1315 1373 1347 inter
1386 1316 1528 1357 Graecos,

190 1364 303 1408 probat
318 1363 504 1407 exemplum
526 1363 592 1395 huc
611 1363 744 1395 allatum
759 1364 875 1396 Staseae
892 1366 1110 1408 peripatetici,
1131 1368 1166 1398 in
1183 1379 1247 1411 quo
1265 1369 1403 1402 Scaevola
1419 1375 1528 1401 tamen

189 1418 323 1460 fingitur
344 1428 537 1460 magnopere
558 1428 656 1448 usum
683 1417 736 1460 (at
755 1418 858 1461 qualis
877 1430 939 1452 vox
959 1419 993 1450 in
1011 1431 1066 1451 ore
1085 1420 1270 1464 Romano!)
1292 1422 1493 1454 desiderasse.

234 1471 332 1510 Quod
357 1477 466 1503 autem
493 1470 547 1502 hic
571 1482 638 1502 mos
664 1470 770 1502 subito
798 1471 838 1503 de
863 1483 1060 1516 quacunque
1084 1484 1119 1505 re
1145 1474 1319 1506 disserendi
1345 1475 1380 1505 in
1409 1475 1526 1518 vulgus

191 1524 388 1563 manaverit,
420 1535 613 1567 magnopere
642 1534 729 1557 verae
759 1525 933 1556 eruditioni
965 1527 1110 1558 nocuisse
1140 1533 1283 1568 constat3
1322 1528 1442 1570 quippe
1469 1529 1526 1571 qui

190 1588 324 1608 summae
344 1576 486 1608 audaciae
507 1583 540 1608 et
557 1577 767 1619 impudentiae
785 1578 894 1611 locum
919 1578 1055 1610 dederit:
1080 1579 1166 1622 quod
1187 1591 1263 1611 curn
1284 1580 1352 1611 aliis
1371 1581 1525 1624 exemplis

190 1629 318 1673 probari
346 1635 470 1673 potest,
500 1635 571 1661 tum
597 1629 651 1661 illo
675 1630 877 1663 Phormionis
896 1633 993 1676 ⁴apud
1018 1633 1229 1665 Hannibalem
1260 1634 1300 1665 de
1328 1634 1404 1666 belli
1435 1635 1524 1666 ducis

190 1681 301 1714 officiis
322 1682 522 1725 disputantis.
550 1683 708 1715 Romanos
727 1684 914 1729 hujusmodi
937 1697 1060 1718 morem
1079 1687 1170 1719 valde
1195 1687 1352 1730 respuisse
1374 1688 1520 1731 legimus.

781 1767 854 1799 CAP.
884 1768 937 1808 34.

188 1835 319 1868 Postea
350 1838 434 1868 mihi
457 1839 597 1880 placuit
616 1858 660 1866 ——
683 1851 771 1883 qnae
798 1852 885 1873 nova
907 1844 1030 1874 nostris
1059 1849 1187 1879 essent,
1211 1842 1384 1874 dummodo
1411 1850 1522 1875 essent

786 1895 916 1926 idonea.

231 1952 269 1983 In
293 1953 501 1996 sequentibus
528 1955 600 1988 data
617 1968 713 2000 opera
735 1959 835 2002 magis
859 1970 989 2003 agamus
1014 1959 1054 1991 de
1082 1960 1135 2000 iis,
1159 1971 1230 2003 quae
1254 1961 1365 1991 Latina
1395 1960 1517 2002 Lingua

190 2004 310 2038 Graecae
336 2006 459 2039 debeat.
