1820 2568
807 241 929 284 (25)

197 375 783 389 wmmmvwmmw
788 374 1373 394 mmmwmwmm
1377 384 1448 395 m
1452 385 1523 396 sam

562 485 787 529 SECTIO
843 486 1153 531 SECUNDA.

281 592 309 624 A
340 592 488 626 MORTE
521 590 789 626 THERAMENIS
821 593 879 626 AD
911 593 1202 629 CONSTITUTos
1235 597 1268 629 x
1296 598 1431 632 vinos,

752 822 893 854 CAPUT
936 823 962 855 Ι.

243 917 406 941 ALcmlADls
429 919 521 941 MORS.
544 927 588 934 -·-
610 918 817 940 TYRANNORUM
839 920 1092 943 IMPOTENTISSIMA
1113 923 1296 946 DOMINATIO.
1320 933 1363 941 —-
1386 927 1473 950 ANIMI

657 973 830 995 FORTITUDO
853 975 885 995 IN
907 974 1048 996 SOCRATE.

815 1092 890 1100 —-.

186 1168 246 1228 N
249 1209 289 1229 οΝ
311 1198 354 1228 ita
376 1196 478 1228 multo
502 1203 573 1240 post
592 1196 801 1228 Theramenis
821 1203 958 1230 mortem
979 1198 1042 1242 (1),
1068 1206 1106 1232 ut
1125 1201 1361 1237 interficeretur
1378 1205 1520 1240 Alcibia—

182 1251 255 1292 des,
276 1251 455 1283 effecerunt
479 1250 711 1284 Lacedaemonii
732 1257 764 1282 et
785 1251 1032 1284 Atheniensium
1054 1255 1198 1297 tyranni:
1225 1256 1318 1301 cujus
1338 1258 1378 1290 ad
1399 1261 1518 1294 caedem

182 1304 282 1336 altera
297 1315 404 1336 caussa
423 1306 568 1345 accessit,
587 1304 860 1347 quemadmodum
874 1305 1064 1339 videbimus.
1083 1308 1345 1352 Atheniensibus,
1358 1324 1436 1356 quos
1452 1313 1518 1358 jam

182 1357 358 1402 poenitebat
381 1358 561 1401 posterioris
583 1357 710 1402 injustae
736 1359 771 1390 in
800 1359 997 1392 Alcibiadem
1021 1361 1091 1401 irae,
1116 1373 1157 1393 ex
1178 1365 1344 1406 praesenti,
1374 1368 1456 1398 tristi
1484 1374 1516 1400 et

181 1411 360 1443 miserando
379 1422 489 1443 rerum
513 1417 598 1443 statu
620 1423 691 1455 spes
715 1412 861 1455 quaedam
884 1413 998 1456 utique
1019 1414 1207 1458 effulgebat,
1233 1419 1380 1460 quamvis
1401 1431 1514 1463 parva,

182 1464 449 1508 haudquaquam,
472 1465 627 1497 incolumi
643 1465 824 1506 Alcibiade,
845 1466 885 1498 de
905 1466 1069 1510 republica
1087 1468 1276 1501 Atheniensi
1296 1477 1403 1503 actum
1428 1484 1512 1505 esse:

181 1518 238 1560 qui
258 1518 344 1549 enim
368 1523 460 1549 antea
483 1529 549 1550 non
570 1519 643 1550 satis
663 1518 825 1551 habuisset
843 1520 878 1551 in
903 1521 966 1551 otio
992 1527 1025 1552 et
1045 1522 1154 1564 quiete
1179 1523 1287 1555 vivere
1311 1525 1416 1564 exsul,
1436 1536 1514 1558 eum

180 1580 223 1600 ne
247 1581 335 1601 nunc
358 1571 505 1613 quidem,
530 1572 556 1602 si
576 1583 626 1603 res
650 1572 743 1604 salvae
767 1579 872 1605 essent
894 1574 993 1615 ipsius
1006 1597 1014 1613 ,
1039 1574 1354 1608 Lacedaemoniorum
1381 1578 1513 1621 neglec-

180 1627 293 1654 turum
321 1623 502 1666 superbiam
537 1630 570 1655 et
596 1630 806 1667 tyrannorum
836 1626 1048 1658 insolentiam.
1079 1627 1175 1666 Quod
1207 1639 1273 1659 non
1302 1629 1388 1673 fugit
1412 1631 1516 1667 XXX,

180 1680 348 1717 tyrannos:
374 1686 473 1718 quare
493 1676 603 1707 sedulo
626 1677 876 1720 exploraverunt
896 1685 992 1722 atque
1012 1680 1236 1721 adverterunt,
1262 1682 1340 1725 quid
1361 1683 1416 1715 ifle
1440 1695 1512 1716 mo-

177 1726 293 1759 liretur
317 1728 369 1760 vel
389 1728 579 1760 deliberaret
599 1730 655 1772 (2).
698 1731 842 1763 Tandem
877 1733 1024 1764 »Critias
1052 1734 1223 1777 caeterique
1252 1737 1381 1778 tyranni
1410 1744 1511 1769 certos

181 1792 1510 1810 Ἣ

237 1819 276 1848 (1)
292 1818 360 1841 Licet
373 1820 486 1843 Justinus
501 1829 531 1843 ex
550 1822 642 1852 ngO,
658 1822 689 1852 V,
704 1823 730 1852 8,
747 1824 887 1855 tradiderit,
908 1830 1026 1856 tyrannos
1039 1827 1132 1851 civium
1147 1828 1234 1851 caedem
1249 1829 1279 1851 ab
1293 1829 1420 1854 Alcibiade
1436 1832 1512 1856 fuisse

177 1859 324 1888 auspicatos,
340 1867 368 1882 ea
383 1864 476 1890 tamen,
489 1869 542 1892 quae
555 1861 679 1886 Alcibiadi
695 1864 834 1888 acciderunt
849 1874 862 1888 a
877 1866 969 1896 proelio
987 1867 1053 1896 apud
1071 1867 1161 1890 flumen
1179 1868 1257 1899 Aegos
1274 1869 1305 1892 ad
1324 1871 1375 1900 ejus
1394 1877 1509 1900 mortem,

175 1898 330 1928 impediunt,
350 1901 480 1930 quominus
497 1901 559 1924 hanc
574 1909 656 1925 necem
675 1905 816 1934 tyrannidis
826 1906 898 1929 initio
911 1907 1024 1930 accidisse
1041 1907 1222 1936 existimemus3
1242 1909 1262 1931 si
1275 1914 1391 1939 praeterea
1406 1911 1509 1941 adjectio

174 1937 220 1960 ina
242 1938 308 1968 apud
325 1939 436 1969 Xeszopla.
455 1942 492 1969 II,
511 1942 537 1969 5,
560 1942 572 1971 §
591 1942 634 1971 42,
663 1943 690 1966 de
710 1952 757 1974 qua
776 1945 897 1975 vidimus,
921 1951 1055 1976 temporum
1073 1947 1154 1970 ordini
1176 1955 1227 1970 non
1249 1955 1385 1980 repugnat,
1410 1952 1507 1974 nullum

175 1981 249 2000 restat
268 1978 387 2008 dubium,
410 1979 471 2010 quin
490 1981 648 2005 Theramenis
673 1990 737 2007 mors
758 1985 894 2010 Alcibiadis
918 1987 971 2010 neci
994 1992 1100 2018 tempore
1124 1987 1156 2011 sit
1177 1989 1367 2019 anteponenda,
1395 1991 1459 2021 quod
1484 1996 1507 2014 et

175 2015 257 2040 fecisse
275 2017 328 2040 vidi
350 2019 491 2042 Gilliesium
507 2020 533 2043 in
551 2029 573 2043 o.
592 2021 609 2044 l.
626 2029 650 2052 p.
668 2030 707 2045 111
724 2037 738 2040 -
755 2025 805 2047 113.
1013 2038 1019 2044 ·

234 2056 273 2086 (2)
291 2057 361 2081 Plut.
380 2058 408 2082 in
425 2059 508 2082 Alcib.
526 2067 552 2090 p.
569 2068 629 2088 212,
649 2061 677 2084 E.
694 2062 720 2085 F.
739 2063 776 2086 ed.
795 2064 836 2087 cit.
1269 2079 1287 2107 4
