1763 2511
289 381 378 420 DE
435 377 878 419 INVENTIONE
936 379 1373 421 RHETORICA.

179 674 229 733 ΙΝ
250 700 299 732 his
312 700 400 732 libris
417 700 527 732 Cicero
545 701 662 733 multos
679 701 810 744 quidem
833 702 910 733 citat
928 702 1074 742 Graecos,
1092 701 1258 745 multaque
1279 701 1383 733 adfert
1397 713 1508 734 exem—

178 756 232 798 pla
254 767 272 786 a
294 755 413 787 Graecis
434 755 550 797 petita,
573 765 686 787 verum
707 754 798 786 nullo
818 765 871 786 eos
895 755 965 785 loco
987 755 1060 786 data
1086 765 1181 798 opera
1206 756 1272 788 sive
1295 755 1419 795 laudat,
1443 756 1509 787 sive

180 809 351 850 vituperat.

565 878 790 909 ORATORIAE
835 877 1124 911 PARTITIONES.

765 960 838 990 cip.
870 961 923 999 34.

334 1041 525 1072 Dicendum
551 1041 592 1071 de
616 1041 652 1071 vi
676 1033 800 1070 doloris
823 1056 868 1064 --
889 1040 1116 1081 quaerendum
1138 1049 1355 1084 putaverunt.

226 1123 341 1156 Merito
360 1122 591 1155 acerbissimam
605 1121 694 1152 illam
714 1119 836 1164 judicat
853 1120 963 1152 Cicero
981 1122 1227 1154 Atheniensium
1247 1124 1510 1169 Rhodiorumque

182 1176 446 1208 consuetudinem
457 1175 632 1206 liberorum
645 1174 816 1206 hominum
831 1174 1017 1217 civiumque
1031 1176 1298 1217 torquendorum,
1315 1188 1511 1221 quamquam

181 1240 251 1261 rem
267 1229 350 1260 forte
366 1234 549 1271 exaggerat.
560 1227 655 1259 Liber
669 1228 764 1260 homo
779 1239 844 1259 non
858 1227 964 1271 potuit
977 1228 1012 1258 in
1028 1229 1235 1270 quaestionem
1251 1229 1333 1270 dari,
1348 1232 1409 1263 nisi
1420 1232 1512 1264 ades-

182 1288 229 1313 set
243 1281 402 1324 ψήφισμα
412 1287 469 1313 aut
483 1282 728 1325 προβούλευμα,
741 1282 799 1313 etsi
813 1281 874 1313 hac
890 1281 930 1313 de
942 1292 977 1313 re
991 1280 1083 1314 valde
1097 1281 1287 1325 disputatur.
1307 1283 1345 1314 In
1361 1284 1512 1316 Oratione

182 1346 240 1378 pro
266 1335 350 1377 Sylla
379 1335 490 1366 Cicero
515 1335 672 1367 diversam
700 1335 892 1366 sententiam
915 1333 1131 1377 amplectitur.
1164 1334 1375 1379 Nequaquam
1403 1343 1513 1368 autem

183 1386 334 1418 credibile
354 1393 416 1426 est,
450 1386 537 1429 apud
560 1386 700 1429 reliquos
722 1387 850 1419 Graecos
871 1393 1028 1419 tormenta
1054 1387 1089 1418 in
1117 1399 1180 1419 usu
1203 1388 1321 1428 fuisse,
1361 1391 1512 1432 quoniam

182 1450 300 1482 nempe
329 1439 468 1471 solorum
497 1439 742 1471 Atheniensium
769 1440 1036 1483 Rhodiorumque
1064 1442 1259 1473 mentionem
1287 1442 1365 1474 facit
1389 1443 1510 1474 Cicero.

183 1492 370 1524 Laudantur
392 1498 499 1524 contra
519 1493 668 1532 Romani,
699 1494 755 1535 qui
774 1494 808 1523 in
840 1504 934 1524 causa
959 1492 1163 1524 dominorum
1182 1505 1224 1524 ne
1248 1505 1353 1527 servos
1379 1495 1512 1538 quidem

185 1546 327 1587 torqueri
342 1545 502 1584 sinebant,
516 1551 556 1576 ut
575 1546 793 1576 testimonium
811 1555 850 1575 ex
871 1545 909 1575 iis
927 1544 1107 1576 eliceretur.
1132 1545 1345 1579 Confirmatur
1363 1548 1424 1580 hoc
1440 1548 1512 1592 lege

186 1599 202 1627 1
227 1597 243 1639 ᾗ
260 1597 278 1628 5
300 1597 316 1639 ᾗ
337 1598 378 1629 16
396 1603 428 1628 et
442 1597 510 1628 aliis
523 1597 558 1628 ff.
578 1598 618 1628 de
643 1597 926 1637 Quaestionihas,
948 1608 984 1628 ac
998 1597 1069 1640 lege
1085 1599 1101 1628 1
1122 1598 1198 1630 Cod.
1222 1600 1351 1641 eodem,
1373 1607 1406 1632 et
1425 1608 1512 1633 certe

186 1655 271 1681 totus
293 1650 347 1681 ille
375 1651 578 1692 Digestorum
604 1649 716 1681 titulus
742 1649 781 1681 de
810 1650 906 1681 servis
934 1649 1002 1682 fere
1029 1651 1101 1682 solis
1129 1653 1324 1684 mentionem
1349 1654 1435 1685 facit.
1461 1654 1511 1686 Ex

185 1703 256 1745 lege
286 1705 327 1733 12
356 1703 478 1734 ibidem
505 1703 632 1735 abunde
653 1709 760 1746 patet,
791 1704 825 1734 in
846 1703 983 1735 liberum
1019 1715 1133 1747 corpus
1161 1706 1327 1736 tormentis
1359 1707 1510 1739 saeviendi

186 1755 272 1797 apud
293 1755 449 1787 Romanos
472 1767 595 1787 morem
613 1767 678 1787 non
700 1756 807 1788 fuisse.
835 1756 958 1788 Verum
982 1767 1023 1788 ne
1048 1758 1118 1799 quis
1142 1757 1217 1789 hinc
1241 1764 1361 1790 temere
1384 1759 1509 1800 credat,

186 1819 350 1841 servorum
370 1809 583 1840 conditionem
600 1809 686 1852 apud
699 1809 855 1840 Romanos
874 1809 1034 1841 mitiorem
1052 1809 1165 1849 fuisse,
1187 1822 1284 1853 quam
1302 1811 1389 1854 apud
1407 1812 1510 1844 Athe-

185 1861 326 1900 nienses,
357 1861 413 1892 uhi
440 1862 624 1893 humaniter
654 1861 870 1894 habebantur.
906 1862 987 1894 Nam
1023 1862 1063 1894 ob
1096 1862 1268 1895 levissimas
1300 1866 1508 1907 suspiciones,

186 1919 223 1945 ut
248 1913 307 1944 alia
324 1914 483 1954 omittam,
509 1926 592 1958 saepe
609 1916 728 1947 iterum
748 1916 932 1959 iterumque
957 1915 1171 1947 crudelissime
1199 1916 1445 1960 torquebantur,
1471 1924 1509 1950 ut

188 1972 318 2009 apparet
337 1977 376 1997 ex
389 1966 493 1998 Cicer.
506 1968 594 2000 Orat.
615 1980 673 2011 pro
689 1968 836 2001 Cluentio
850 1981 918 2013 cap.
936 1970 994 2010 63,
1011 1969 1069 2002 ubi
1083 1970 1147 2003 vid.
1167 1970 1214 2001 Cl.
1231 1970 1266 2002 C.
1286 1972 1316 2002 J.
1333 1983 1395 2004 van
1409 1971 1508 2004 Assen
