1820 2568
287 292 430 324 homines
451 290 491 321 ad
510 290 707 333 Lysandrum
723 290 756 320 in
777 288 880 319 Asiam
903 288 1075 327 miserunt,
1096 288 1152 330 qui
1173 298 1249 319 eum
1265 287 1432 319 certiorem
1453 287 1610 328 facerent,

287 346 346 375 nisi
374 343 570 375 Alcibiadem
595 342 789 381 sustulisset,
815 340 897 372 nihil
927 352 1037 372 earum
1066 351 1174 372 rerum
1198 341 1266 372 fore
1290 347 1416 381 ratum,
1439 351 1519 384 quas
1545 342 1614 384 ipse

288 398 508 430 constituisset.
538 397 593 428 His
614 398 694 428 Laco
718 395 812 428 rebus
836 393 1042 433 commotusss’,
1068 393 1261 437 acceptaque
1288 393 1363 425 dein
1385 405 1402 424 a
1426 394 1614 437 magistratu

287 451 524 482 Lacedaemonio
545 449 677 493 scytala,
705 460 776 492 quae
798 448 941 492 juberet,
963 453 1001 479 ut
1020 447 1217 479 Alcibiadem
1242 447 1366 479 tolleret
1381 447 1443 489 (1),
1470 459 1488 478 ))
1504 447 1615 479 statuit

287 506 464 536 accuratius
489 503 547 534 sibi
571 503 731 547 agendum
756 504 830 534 cum
852 500 1070 541 Pharnabazo,
1102 501 1285 532 Artaxerxis
1310 501 1398 543 regio
1418 501 1452 531 in
1475 500 1615 543 Phrygia

287 564 419 600 satrape.
445 557 528 588 Huic
553 568 628 599 ergo
649 556 830 594 renuntiat,
857 566 927 598 quae
952 555 1019 597 regi
1035 565 1110 586 cum
1125 554 1371 586 Lacedaemoniis
1388 559 1479 596 pacta
1497 559 1613 593 essent,

287 612 375 642 irrita
400 611 530 650 futura,
560 611 619 641 nisi
643 609 839 640 Alcibiadem
869 609 978 641 vivum
1009 614 1064 639 aut
1094 614 1258 639 mortuum
1288 606 1496 638 tradidisset.⁷'
1531 606 1616 638 Huic

288 664 395 695 faciles
422 675 513 695 aures
533 663 670 706 praebuit
688 662 923 702 Pharnabazus,
944 662 1019 693 licet
1034 668 1125 693 antea
1143 662 1280 692 amicitia
1303 666 1518 704 prosequutus
1536 665 1617 691 esset

287 718 499 748 Alcibiadem:
524 717 617 760 cujus
637 717 682 748 rei
706 716 774 747 haec
794 716 858 747 fuit
878 727 996 747 caussa.
1023 714 1217 754 AlcibiadeS,
1243 714 1388 756 quamvis
1410 724 1448 744 eo
1472 719 1618 756 tempore

288 772 322 802 in
345 771 484 813 Phrygia
502 772 575 801 satis
599 776 667 801 tuto
691 770 827 807 viveret,
854 780 890 799 ac
912 779 946 799 re
968 768 1112 805 lautiori,
1136 766 1330 797 Pharnabazi
1351 777 1427 808 ope,
1454 772 1616 806 uteretur,

289 835 308 854 »
324 824 464 854 Athenas
485 829 590 853 tamen
612 823 709 853 victas
723 820 970 851 Lacedaemoniis
991 819 1109 850 servire
1123 829 1189 848 non
1210 824 1335 860 poterat
1358 818 1436 860 pati:
1461 818 1619 860 quamob-

288 887 356 907 rem
380 876 419 907 ad
440 876 573 919 patriam
598 873 794 905 liberandam
818 872 904 903 omni
928 871 1092 903 ferebatur
1113 871 1314 913 cogitatione.
1345 871 1408 919 ¹Sed
1432 870 1560 903 videbat
1584 871 1619 903 id

289 930 356 960 sine
380 940 455 972 rege
478 929 648 960 Persarum
671 938 735 958 non
764 936 853 969 posse
873 925 958 965 fieri,
980 925 1117 968 ideoque
1138 935 1214 955 eum
1231 924 1370 955 amicum
1391 923 1449 955 sibi
1469 924 1619 967 cupiebat

290 983 442 1026 adjungi,
481 993 499 1012 >)
518 981 609 1024 cujus
633 981 679 1011 rei
707 979 913 1022 experiundae
937 989 1004 1009 sese
1028 983 1139 1021 sponte
1174 977 1327 1009 offerebat
1352 977 1503 1009 occasio.’'
1536 978 1618 1009 Nam

291 1036 411 1078 Cyrum
428 1034 595 1065 Artaxerxi
616 1032 708 1063 fratri
727 1031 848 1062 bellum
868 1030 948 1061 clam
968 1042 1099 1072 parare,
1115 1030 1363 1062 Lacedaemoniis
1377 1030 1619 1074 adjuvantibus,

291 1087 425 1119 sciebat:
451 1086 485 1117 id
506 1087 531 1117 si
551 1086 581 1116 ei
603 1085 791 1128 aperuisset,
808 1095 956 1126 magnam
978 1094 1011 1114 se
1031 1083 1070 1113 ab
1090 1095 1127 1114 eo
1148 1084 1308 1115 initurum
1328 1085 1461 1126 gratiam
1480 1084 1618 1116 videbat.

294 1142 430 1184 »Igitur
453 1140 491 1172 ad
512 1150 620 1182 regem
645 1137 837 1169 contendere
862 1138 993 1175 statuit,
1018 1142 1124 1176 ratuS,
1154 1147 1186 1167 se
1212 1136 1281 1167 haec
1309 1147 1374 1167 non
1404 1137 1530 1168 minori·
1547 1148 1619 1180 spe,

293 1206 389 1238 quam
416 1194 539 1224 fecisset
560 1190 802 1230 Themistocles,
828 1195 861 1220 et
883 1188 1006 1220 meliori
1026 1199 1102 1220 sane
1125 1188 1233 1220 caussa
1252 1188 1370 1220 moliri.
1394 1189 1495 1220 Antea
1513 1195 1623 1221 tamen

295 1248 333 1279 ad
358 1245 598 1278 Pharnabazum
619 1245 734 1276 itinere
755 1248 916 1285 suscepte,
942 1241 982 1273 de
1005 1242 1139 1285 singulis
1160 1242 1249 1273 hunc
1269 1242 1437 1274 certiorem
1462 1243 1556 1283 fecit,
1582 1243 1622 1274 ab

293 1312 394 1343 eoque
414 1300 522 1343 petiit,
549 1304 587 1330 ut
607 1297 646 1329 ad
667 1308 775 1340 regem
796 1297 993 1329 mitteretur,
1019 1295 1154 1339 ejusque
1177 1295 1387 1328 conveniendi
1412 1295 1471 1327 sibi
1491 1296 1624 1328 daretur

293 1360 439 1398 potestas
468 1353 510 1384 At
532 1351 771 1391 Pharnabazus,
796 1351 845 1382 his
865 1350 998 1390 auditis,
1022 1349 1178 1381 indicium
1201 1349 1260 1380 sibi
1284 1349 1464 1389 vindicans,
1488 1348 1624 1393 ejusque

292 1408 422 1451 praemia
448 1406 506 1438 sibi
530 1411 674 1449 repetere
694 1406 847 1448 cupiens,
869 1404 955 1435 misit
977 1403 1099 1443 statim,
1124 1403 1241 1446 quibus
1265 1403 1405 1434 maxime
1430 1402 1562 1443 fideret,
1584 1402 1623 1434 ad

293 1473 361 1492 rem
392 1467 489 1492 totam
513 1460 582 1502 regi
608 1458 828 1502 detegendam.
862 1457 944 1489 Cum
968 1457 1068 1500 igitur
1090 1456 1314 1489 Pharnabazus
1337 1456 1444 1488 nullos
1469 1456 1578 1495 daret,
1605 1468 1622 1486 a

295 1514 411 1557 quibus
440 1513 480 1544 ad
507 1514 629 1555 regiam
657 1512 889 1550 adduceretur,
929 1510 1108 1543 Alcibiades
1138 1511 1178 1543 ad
1207 1510 1432 1554 Paphlagonia:
1466 1516 1628 1552 satrapem-

294 1568 457 1611 profectus
476 1572 538 1606 est,
565 1572 602 1596 ut
626 1565 711 1596 illius
734 1575 793 1606 ope
813 1565 874 1595 iter
898 1564 938 1594 ad
957 1575 1066 1607 regem
1092 1563 1151 1595 sibi
1170 1569 1378 1606 compararet.
1402 1561 1625 1594 Pharnabazus

295 1622 420 1663 itaque,
443 1632 515 1651 cum
538 1618 577 1650 ob
595 1619 749 1650 rationem
767 1617 826 1648 sibi
850 1616 989 1659 privam,
1015 1622 1086 1647 tum
1106 1616 1417 1648 Lacedaemoniorum
1430 1640 1456 1660 ,Ἀ
1464 1614 1625 1658 Lysandro

297 1674 480 1713 minitante,
507 1678 612 1712 metu,
640 1672 724 1703 misit
743 1670 960 1714 Sysamithren
980 1675 1133 1713 patruum
1157 1675 1190 1701 et
1208 1669 1360 1713 Bagaeum
1381 1669 1446 1702 sive
1466 1668 1625 1711 Magaeum

297 1727 446 1765 fratrem,
467 1726 522 1768 qui
543 1726 576 1756 in
596 1725 645 1757 via
662 1724 856 1756 Alcibiadem
874 1723 1115 1766 interciperent.
1138 1723 1224 1754 Missi
1244 1723 1326 1755 clam
1345 1722 1502 1755 vicinitati
1518 1721 1625 1764 Phry-

300 1780 374 1823 giae,
400 1780 432 1809 in
459 1790 521 1821 qua
541 1785 609 1809 tum
636 1784 719 1818 erat,
749 1777 826 1808 dant
849 1777 1030 1820 negotium,
1056 1782 1094 1808 ut
1118 1787 1193 1808 eum
1218 1775 1420 1807 interficiant.
1452 1774 1519 1813 Illi,
1549 1785 1629 1805 cum-

300 1834 327 1864 is
349 1832 449 1863 occidi
472 1837 579 1874 aperte
604 1843 667 1863 non
689 1837 808 1874 posset,
833 1842 939 1873 neque
967 1831 1051 1862 ferro
1076 1830 1171 1861 etiam
1195 1828 1325 1872 aggredi
1351 1838 1427 1859 eum
1453 1826 1631 1866 auderent,

300 1891 398 1917 noctu
420 1884 626 1923 cubiculum,
656 1885 689 1914 in
713 1896 776 1927 quo
800 1883 998 1923 dormiebat,
1027 1882 1275 1914 succenderunt.
1309 1881 1422 1911 Sonitu
1443 1879 1579 1911 flammae
1607 1890 1627 1911 e

301 1951 409 1971 somno
436 1939 590 1970 excitatus
616 1937 814 1978 Alcibiades,
849 1944 954 1970 sumto
982 1937 1105 1981 gladio,
1137 1935 1310 1968 defendere
1335 1945 1369 1965 se
1399 1938 1531 1965 conatus
1556 1938 1626 1973 est,

814 1998 1614 2012 Μ,

362 2034 400 2063 (i)
417 2033 487 2056 Plul.
505 2040 528 2063 B.
546 2033 602 2061 213,
623 2032 652 2055 A,
