1820 2568
864 215 878 256 (
903 214 944 253 54
967 215 981 255 )

268 306 371 326 meum
394 303 456 323 non
480 297 541 329 est,
566 290 622 332 qui
640 301 710 320 sum
729 288 811 319 filius
832 286 998 329 discipuli,
1023 287 1077 328 qui
1100 297 1138 317 ex
1161 286 1219 318 viri
1241 286 1326 318 illius
1347 287 1467 328 egregii
1488 287 1593 318 schola

264 347 399 390 prodiit,
419 346 513 387 eique
529 343 646 383 multa,
666 344 729 374 imo
742 342 878 384 plurima
895 341 929 370 iu
948 340 1132 377 literarum,
1154 340 1310 381 imprimis
1327 341 1469 381 poeseos,
1487 350 1594 370 amore

266 407 298 432 et
317 399 421 431 studio
446 397 577 436 debere,
601 396 777 439 gratissimo
802 395 978 425 etiamnum
1000 399 1131 424 testatur
1150 394 1265 424 animo.
1295 393 1361 424 Hoc
1385 398 1491 424 tamen
1516 393 1596 423 mihi

266 465 372 492 sumo,
397 458 434 483 ut
452 451 603 483 sermonis
624 450 743 492 Belgiei
761 448 952 490 elegantiam
973 452 1005 477 et
1025 446 1114 477 flores
1130 447 1163 476 in
1183 447 1248 476 istis
1271 445 1475 477 Orationibus
1494 445 1598 476 admi-

266 518 327 538 rer.
344 525 386 531 -—
401 506 557 536 Praeterea
578 503 709 534 observo
729 502 770 533 de
784 500 950 532 Phaedonis
966 511 1039 530 casu
1061 498 1248 539 miserabili,
1270 510 1366 541 quem
1384 499 1478 530 retuli
1496 511 1526 541 p.
1539 499 1596 537 28,

267 565 297 590 et
317 559 356 589 de
376 569 439 601 quo
454 563 600 588 veterum
616 561 783 586 auctorum
802 553 978 584 testimonia
995 552 1185 591 desideravi,
1204 552 1436 583 Ommerenum
1457 552 1597 583 eundem

265 617 446 642 narrantem
472 609 613 641 laudfisse
638 609 783 639 GRONOV.
808 607 887 637 Not.
914 606 986 637 Ms.
1010 605 1057 635 acl
1079 606 1168 635 Just.
1190 617 1221 648 p.
1247 606 1306 644 64,
1330 616 1408 646 quas
1427 615 1500 635 vero
1520 616 1598 636 nus-

267 677 362 708 quam
386 664 461 696 vidi.

310 717 456 748 Alterum
477 715 668 758 opusculum
691 720 737 744 est
761 713 796 743 E.
824 714 858 743 P.
887 711 1075 749 kuucnsn,
1101 710 1366 752 Hamburgensis,
1392 710 1425 740 in
1450 721 1514 751 quo
1536 711 1601 752 egit

267 770 306 800 cle
333 769 565 804 Theramenis,
596 768 720 797 Critiae
742 772 773 795 et
795 764 998 804 Thrasybuli
1012 763 1109 793 rebus
1131 769 1164 792 et
1185 763 1337 803 ingenio,
1364 761 1478 792 Hamh.
1502 763 1598 793 1820.

267 823 302 852 In
335 821 427 865 cujus
451 821 523 851 libri
550 820 694 850 notitiam
727 817 871 859 proximo
903 815 1032 846 demum
1065 815 1256 856 insequente
1289 820 1446 845 autumno
1480 815 1600 854 incidi3

266 885 373 917 neque
397 874 457 904 hoc
482 872 561 904 mihi
587 871 707 909 doluit,
733 880 835 912 quum
855 867 919 911 jam
944 879 992 899 res
1013 868 1098 898 ineas
1122 867 1252 898 liberius
1278 867 1414 910 egerim:
1440 866 1600 899 scribendi

269 927 396 958 consilia
413 927 447 957 in
467 931 604 968 utroque
620 925 763 955 nostrum
781 922 951 961 differunt,
970 921 1071 952 multa
1094 932 1169 953 vero
1190 920 1301 952 eadem
1320 922 1441 952 ratione
1460 927 1604 964 pertrac-

269 981 421 1018 tavimus,
446 979 531 1021 quod
555 990 619 1009 non
641 979 758 1008 mirum
783 975 883 1007 videri
909 981 1011 1017 potest
1030 973 1260 1019 int'juvenibus
1283 974 1407 1005 duobus
1430 975 1469 1005 de
1491 974 1604 1006 eodem

269 1034 337 1064 fere
360 1037 549 1075 argumento
567 1030 708 1061 exercitii
727 1040 833 1059 caussa
852 1027 1072 1058 scribentibus.
1098 1030 1133 1058 In
1154 1039 1217 1058 una
1241 1034 1365 1058 tantum
1382 1039 1415 1059 re
1431 1028 1603 1071 paululum

270 1088 303 1117 in
325 1086 461 1118 diversas
482 1091 586 1126 partes
609 1083 759 1120 abiimus,
788 1083 821 1111 in
843 1080 960 1124 judicio
985 1081 1105 1111 scilicet
1128 1079 1166 1110 de
1190 1081 1398 1112 Theramenis
1421 1081 1550 1123 ingenio
1572 1087 1604 1112 et

273 1139 428 1176 moribus,
450 1148 528 1179 quos
549 1136 628 1167 mihi
648 1136 690 1166 ita
707 1134 836 1176 quidem
856 1134 1055 1176 descripsisse
1070 1133 1198 1165 videtur
1213 1134 1431 1173 Hinriehsius,
1448 1141 1502 1174 ut,
1520 1135 1545 1165 si
1562 1135 1606 1166 ita

272 1192 371 1223 fuerit
391 1191 621 1229 Theramenes7
652 1187 808 1219 Cothurni
835 1197 953 1217 nomen
977 1197 1087 1217 revera
1109 1187 1241 1218 meritus
1261 1198 1327 1218 esse
1344 1187 1502 1219 videatur.
1526 1187 1605 1218 Mihi

273 1244 402 1288 quidem
432 1244 475 1274 sic
497 1242 624 1275 videtur
646 1240 868 1280 statuendum,
891 1246 947 1271 aut
970 1250 1002 1270 se
1028 1239 1123 1270 talem
1149 1240 1328 1282 praestitisse
1350 1239 1606 1280 Theramenem,

272 1298 373 1341 qualis
403 1296 500 1339 vulgo
522 1295 679 1333 liabetur,
714 1304 830 1336 nempe
860 1293 1023 1324 hominem
1052 1292 1220 1331 callidum,
1250 1298 1433 1331 versutum,
1460 1293 1601 1332 vafrum,

271 1350 465 1388 versatilem,
487 1355 542 1379 aut
559 1348 644 1379 omni
662 1348 730 1378 fere
750 1347 884 1377 crimine
905 1345 1131 1378 absolvendum
1148 1357 1230 1385 esse,
1252 1357 1333 1388 quo,
1354 1346 1439 1378 salva
1458 1346 1607 1378 imbecil-

272 1403 360 1433 litate
384 1402 541 1441 humana,
568 1400 648 1431 liber
673 1411 737 1431 esse
760 1399 912 1442 potuerit.

315 1467 398 1496 Sect.
423 1466 454 1495 I.
486 1465 566 1505 Cap.
589 1465 621 1494 I.
638 1475 675 1505 p.
703 1465 756 1493 11.
780 1469 846 1493 not.
869 1463 899 1494 3.
927 1463 964 1493 In
986 1462 1138 1494 concione
1156 1462 1230 1501 ista,
1251 1463 1285 1492 in
1308 1473 1386 1504 qua,
1412 1461 1606 1493 democratia

273 1518 435 1561 abrogata,
455 1517 684 1560 oligarchicum
706 1516 806 1547 XXX
827 1518 967 1549 virorum
989 1516 1162 1559 imperium
1183 1516 1366 1547 institutum
1388 1521 1454 1554 est,
1478 1521 1608 1546 auctore

272 1572 362 1614 Lysia
382 1583 414 1613 p.
437 1570 517 1611 430,
540 1569 590 1600 ed.
613 1568 715 1600 Reisk.
739 1574 854 1612 praeter
874 1569 1075 1611 Lysandrum
1095 1570 1191 1600 etiam
1214 1569 1336 1600 affuere
1354 1567 1559 1599 Philochares
1575 1573 1609 1599 et

273 1624 443 1663 Miltiades,
469 1635 537 1654 rem
557 1624 657 1666 ipsam
680 1623 845 1665 proposuit
869 1623 1077 1654 Dracontides
1101 1622 1200 1652 XXX
1223 1622 1282 1652 vir.

318 1677 408 1708 Ibid.
425 1688 463 1717 p.
496 1678 537 1706 12
558 1688 610 1717 sq.
640 1676 754 1717 ibique
779 1682 860 1706 nott.
894 1676 968 1713 Quo
992 1676 1107 1706 certior
1134 1675 1174 1704 sit
1204 1672 1281 1703 fides
1307 1672 1347 1703 de
1370 1683 1443 1704 vera
1470 1672 1607 1704 lectione

275 1730 442 1760 nominum
463 1729 564 1759 XXX
586 1729 743 1767 virorum,
764 1729 916 1758 LmAmnM
936 1727 1032 1761 laudo
1053 1728 1087 1758 in
1110 1727 1265 1757 Declam.
1287 1725 1409 1756 XXVI.
1429 1737 1461 1768 p.
1480 1725 1541 1759 587
1560 1736 1607 1768 sq.

277 1783 326 1814 ed.
358 1781 478 1821 Reisk.‚
508 1782 564 1813 ubi
604 1781 731 1813 nomina
765 1787 939 1812 occurrunt
969 1781 1129 1817 Pisonis,
1162 1780 1327 1816 Melobii,
1362 1779 1608 1816 Dracontidis,

283 1835 459 1866 Chariclis.

323 1888 403 1929 Cap.
430 1887 484 1918 II.
502 1899 540 1928 p.
568 1889 619 1920 17.
645 1894 710 1918 not.
738 1888 768 1928 4.
800 1889 836 1919 In
857 1889 1070 1931 suspicionem
1090 1893 1195 1930 postea
1216 1886 1331 1924 incidi,
1358 1886 1493 1918 alterum
1518 1892 1605 1918 cata-

276 1942 402 1984 logum7
419 1952 530 1971 eorum
549 1951 680 1982 nempe,
702 1952 840 1983 quorum
859 1942 933 1972 alibi
952 1943 1054 1974 factus
1071 1946 1150 1972 esset
1170 1950 1299 1979 census,
1321 1939 1502 1982 quibusque
1518 1951 1605 1972 arma

277 2000 380 2025 essent
398 1993 539 2042 ademta,
558 1999 703 2031 vocatum
724 1994 820 2025 fuisse
836 1995 1017 2041 κατάλογον
1035 1995 1194 2035 Ἀθηναίων
1201 2017 1213 2034 ,
1229 1999 1261 2024 et
1274 1993 1404 2036 quidem
1413 1999 1602 2036 argumento

1800 668 1810 777 -..,...,.
1802 630 1810 647 .‹
1804 605 1809 611 .
1805 562 1807 567 Δ
1803 523 1805 525 .

1801 1031 1806 1051 ..
1804 991 1806 994 .
1794 905 1807 971 .,.’ν-κι
1800 877 1807 898 ,ν-
