1763 2511
870 205 885 245 (
909 206 926 242 [ι
952 204 969 245 l

305 289 359 319 Ast
391 295 464 317 vero
494 284 529 313 in
557 281 609 311 his
638 290 702 310 non
733 277 940 308 substiterunt
974 280 1159 318 geonietrae3
1198 274 1426 304 illustrissimus
1460 285 1577 316 nempe

267 339 531 372 Tsclzirnlza.2sen
565 332 817 364 animadvertens
845 329 912 358 illas
946 339 1078 365 cni-vm,
1120 337 1191 368 quae
1221 325 1322 356 radios
1353 325 1484 356 reflexos
1513 337 1578 357 non

266 391 489 436 perfectissimo
512 389 545 417 in
568 386 651 417 dicto
672 384 741 414 foco
761 381 931 422 colligunt,
951 380 1073 410 infinita
1095 379 1211 410 hahere
1232 385 1367 421 puncta,
1390 390 1461 420 quae
1474 379 1580 409 omnia

261 447 329 488 sow-
356 442 505 485 appellari
528 443 671 481 possunt,
693 443 725 467 et
744 437 776 466 in
800 432 915 475 quibus
936 432 1042 474 plures
1063 432 1141 462 radii
1161 438 1370 470 concurrunt,
1395 431 1582 462 methodum

265 497 429 539 inquisixit
452 492 631 536 generalem
658 489 720 531 qua
741 487 1006 518 determinaretur
1032 485 1163 516 ess'ectus
1182 486 1325 516 omnium
1346 491 1378 515 et
1400 485 1501 515 omnis
1525 495 1583 526 ge-

266 551 349 581 neris
370 560 439 579 cni-¹.
450 558 539 577 arum
561 545 594 575 in
613 543 714 573 radios
734 552 789 571 seu
811 539 938 576 fractos,
959 548 1015 568 seu
1033 537 1180 577 reflexos,
1202 539 1309 580 sicque
1329 538 1484 579 originem
1500 547 1584 579 prae-

268 604 336 633 buit
361 601 505 634 theoriae7
530 608 599 639 quae
619 595 708 626 brevi
731 605 768 623 ex
792 591 1013 634 pulcherrimis
1034 603 1098 622 una
1118 602 1268 631 evasura,
1293 597 1326 622 et
1349 591 1493 622 omnium
1514 591 1584 621 exi-

269 657 404 686 miorum
430 653 515 683 illins
540 650 598 681 aevi
623 653 855 690 geometrarum
879 645 1086 675 attentionem
1109 650 1177 675 erat
1202 649 1341 686 raptura.

311 709 460 737 Summus
480 705 530 734 hic
556 703 603 734 vir
627 707 663 731 ut
686 710 816 741 scopum
838 709 931 728 suum
958 697 1146 738 attingeret,
1168 695 1359 737 excogitavit
1374 705 1500 726 necesse
1520 705 1585 725 esse

269 762 353 792 omni
375 759 460 789 radio
483 755 579 787 curva
605 753 807 795 quacumque
829 750 910 780 ssexo
930 760 986 778 seu
1002 749 1102 778 fracto
1123 747 1202 778 alius
1218 746 1293 776 alibi
1315 753 1459 777 occurrat
1478 746 1584 778 radius

269 813 364 855 priori
390 811 512 840 infinite
534 807 697 848 proximus
721 810 753 833 et
774 801 899 838 similis,
926 800 1090 842 posteriori
1113 799 1189 830 huic
1212 799 1292 830 alius
1311 810 1420 830 rursus
1444 798 1586 842 ejusdem

271 864 394 907 generis
419 868 449 891 et
471 861 576 890 denuo
597 857 720 888 infinite
745 855 923 897 proximus,
947 859 1042 895 atque
1066 852 1143 882 huic
1172 852 1265 882 tertio
1289 857 1420 893 quartus
1443 857 1588 882 occurrat

252 923 303 948 ret
323 917 365 946 sic
390 925 482 956 porro
504 913 537 942 in
562 911 744 947 infinitum·⁷
774 908 869 938 series
894 907 1038 937 omnium
1062 911 1256 947 punctorum
1282 905 1410 935 illorum
1436 905 1590 935 intersec—

272 969 365 999 tionis
392 976 521 997 curvam
554 961 717 993 constituit
744 971 840 1002 quam
866 959 948 989 doct.
979 958 1245 988 Tsclzirnhaasen
1271 957 1400 988 nomine
1431 957 1590 987 causticae

272 1019 449 1061 insignivit,
476 1016 646 1058 quoniam⁷
677 1019 714 1044 ut
736 1012 839 1043 verbis
857 1011 1047 1041 Bernoullii
1069 1015 1214 1049 utamur⁷
1239 1010 1273 1040 in
1305 1009 1359 1040 illa
1382 1010 1520 1040 maxima
1545 1009 1591 1040 vis

274 1069 479 1102 comburendi
498 1072 674 1098 exercetur.
688 1064 789 1095 Illust.
807 1064 946 1093 Barrow
963 1063 997 1092 in
1012 1062 1265 1103 praelectionibus
1281 1063 1344 1093 suis
1360 1062 1485 1104 opticis‚
1502 1061 1591 1092 hunc

273 1123 336 1166 jani
367 1122 526 1152 radiorum
567 1127 757 1148 coneursum
787 1115 1039 1145 consideraverat
1067 1116 1110 1145 ita
1141 1121 1179 1146 ut
1204 1126 1314 1146 revera
1341 1115 1459 1145 mirum
1491 1114 1593 1146 videri

275 1181 371 1218 queat
401 1173 502 1215 quod,
526 1182 582 1213 pro
603 1169 658 1200 sua
681 1168 864 1210 sagacitate,
890 1177 1043 1208 quasnam
1062 1178 1190 1206 curvas,
1214 1167 1391 1197 secundum
1413 1168 1513 1198 varios
1540 1177 1596 1197 ca-

275 1240 347 1265 sus,
386 1226 480 1256 series
513 1222 567 1252 illa
595 1226 789 1263 punctorum
824 1218 1053 1249 intersectionis
1083 1218 1280 1258 efformaret,
1316 1230 1381 1249 non
1413 1218 1593 1260 quaesierit3

275 1279 417 1312 inventio
437 1277 544 1307 haecce
565 1273 747 1305 servabatur
766 1272 848 1303 doct.
871 1271 1137 1301 Tschirnhausen
1160 1272 1234 1314 qui,
1252 1282 1336 1302 auno
1352 1271 1452 1309 1682,
1473 1271 1596 1312 primus

277 1331 445 1364 academiae
469 1328 672 1359 scientiarum
703 1324 953 1356 dissertationem
980 1322 1109 1353 tradidit
1132 1323 1171 1354 de
1201 1323 1338 1355 caustica
1362 1323 1474 1355 circuli
1502 1322 1597 1354 radiis

278 1382 491 1416 incidentibus
516 1379 673 1423 parallelis
695 1377 815 1421 genita,
840 1388 911 1420 quae
933 1377 1069 1408 caustica
1090 1375 1278 1407 describitur
1300 1376 1508 1418 supponendo
1528 1375 1598 1406 dia-

278 1443 418 1468 metrum
435 1435 515 1477 (fig.
536 1433 586 1475 1.)
612 1431 676 1462 ΒΒ’
697 1431 736 1461 ad
753 1430 854 1461 radios
870 1429 1049 1460 incidentes
1061 1429 1372 1471 perpendicularem,
1396 1435 1428 1459 et
1443 1428 1598 1459 sumendo

280 1489 400 1531 ubique
422 1487 547 1518 radium
570 1484 725 1515 reflexum
749 1483 806 1513 GE
829 1482 982 1525 aequalem
1007 1481 1137 1512 dimidio
1160 1481 1239 1512 radii
1262 1481 1431 1512 incidentis
1454 1481 1530 1519 ED,
1554 1482 1598 1513 ita

280 1548 318 1572 ut
348 1552 445 1571 curva
476 1539 596 1568 desinat
621 1537 655 1567 in
684 1541 803 1577 puncto
824 1535 865 1574 F,
894 1536 928 1565 in
958 1546 1021 1577 quo
1045 1534 1151 1565 radius
1185 1534 1238 1564 AC
1262 1533 1408 1564 bifariam
1433 1533 1598 1565 dividitur.

281 1593 383 1623 Variis
408 1592 490 1622 hanc
515 1601 645 1621 curvam
669 1587 913 1631 proprietatibus
937 1586 1076 1630 gaudere
1099 1592 1222 1629 postea,
1250 1597 1333 1617 anno
1355 1586 1474 1616 scilicet
1495 1585 1598 1625 1690,

282 1646 367 1675 idem
401 1643 665 1675 Tsclzimlzausen
694 1640 850 1680 ostendit3
885 1650 1016 1671 curvam
1049 1639 1218 1670 causticam
1240 1637 1324 1668 BGF
1359 1637 1503 1668 eamdem
1534 1648 1604 1668 esse-

284 1698 407 1736 ducust,
433 1709 468 1727 ac
488 1696 575 1727 illam
594 1706 690 1738 quam
710 1694 855 1736 gigneret
873 1698 1030 1736 punctum
1050 1691 1182 1734 quodvis
1203 1691 1468 1722 circumferentiae
1490 1689 1601 1733 cujus-

285 1750 355 1780 dam
376 1750 443 1779 Kss'
463 1761 533 1792 quae
555 1759 648 1790 supra
669 1747 800 1777 alteram
823 1744 1099 1776 circonferentiam
1122 1743 1210 1774 MFK
1229 1743 1317 1774 radio
1337 1742 1389 1773 FC
1411 1742 1601 1783 descriptam

287 1803 476 1833 volveretur.
517 1802 553 1832 In
579 1801 835 1832 rectificationem
864 1798 932 1841 ejus
961 1797 1146 1840 inquisivit,
1179 1802 1212 1827 et
1244 1806 1315 1826 eam
1341 1794 1601 1826 rectificationem

288 1854 460 1885 absolutam
480 1853 645 1884 admittere
665 1852 810 1892 invenit;
832 1851 951 1893 reperit
970 1861 1086 1893 nempe
1110 1860 1270 1892 quamque
1285 1859 1391 1880 curvae
1406 1848 1600 1890 portionem,

287 1919 318 1938 v.
335 1918 363 1937 c.
385 1906 458 1945 BG,
479 1906 633 1948 aequalem
650 1916 714 1936 esse
730 1916 861 1937 summae
881 1904 1042 1936 radiorum
1057 1902 1224 1934 incidentis
1242 1907 1275 1932 et
1290 1900 1399 1932 reflexi
1414 1900 1471 1930 DE
1482 1905 1515 1930 et
1527 1899 1602 1939 EG,

289 1957 405 2001 (quam
430 1957 558 2000 quidem
581 1958 807 2000 proprietatem
830 1968 1035 1990 communem
1059 1966 1128 1988 esse
1150 1953 1300 1986 omnibus
1325 1952 1432 1986 curvis
1454 1951 1605 1984 causticis
