1763 2511
371 337 737 397 JOSEPHI
793 338 1240 408 MARESKA,

662 453 932 484 GANDAVENSIS
938 475 949 492 ,

474 560 1140 621 RESPONSIO

791 694 830 715 AD

147 796 412 835 QUAESTIONEM
437 797 485 830 AB
511 796 659 826 ORDINE
685 796 928 825 NOBILISSIMO
956 797 1330 828 MATHEMATICARUM
1357 799 1470 828 DISCI-

291 855 493 885 PLINARUM
513 855 552 883 IN
573 854 777 884 ACADEMIA
798 855 1048 886 GANDAVENSI
1069 856 1331 894 PROPOSITAM,

524 965 657 997 ANNO
694 967 739 998 M.
777 966 912 998 DCCC.
949 967 1096 999 XXIV:

196 1089 232 1118 10
256 1087 539 1129 Investigationes
563 1098 648 1117 mere
668 1087 922 1116 mathematicas
948 1085 988 1116 de
1010 1086 1171 1115 causticis
1186 1096 1251 1126 per
1265 1085 1475 1126 reflexionem

152 1146 185 1171 et
208 1139 455 1182 refractionem,
489 1150 511 1170 a
530 1145 672 1180 tempore
696 1137 955 1170 Tschirnhausen
977 1149 1084 1180 usque
1109 1137 1156 1168 ad
1174 1143 1321 1168 nostram
1342 1144 1476 1169 oetatem

145 1192 281 1234 faotaS,
308 1203 471 1223 enarrare.

195 1245 231 1274 2⁰
254 1244 415 1285 Duplici-s·
449 1243 590 1286 hujusce
623 1245 847 1275 cau-sticarum
889 1244 1013 1285 speciei
1048 1242 1208 1282 theoriam
1241 1243 1399 1274 deducere
1434 1254 1477 1274 ex

145 1296 354 1338 problemate
376 1296 546 1338 generali:
574 1296 727 1338 Reperire
747 1307 879 1328 curvam
898 1301 1083 1338 tangentem
1107 1295 1182 1325 alias
1207 1306 1319 1328 curvas
1340 1306 1477 1326 numero

152 1349 291 1379 infinitas
314 1351 358 1379 et'
373 1347 437 1390 legi
462 1349 624 1379 communi
653 1348 828 1392 subjectas,
860 1348 913 1381 &el
939 1360 1077 1391 quarum
1103 1348 1297 1390 aequationes
1323 1359 1388 1379 non
1415 1349 1477 1379 nisi

154 1402 331 1444 quantitate
358 1401 514 1431 constanti
535 1401 618 1432 inter
651 1412 684 1432 se
706 1402 869 1433 differunt.
908 1401 1028 1443 Hujus
1062 1401 1224 1441 principii
1251 1401 1478 1441 applicatione

154 1454 325 1490 restricta,
363 1455 398 1483 10
425 1453 471 1483 ad
494 1464 609 1483 casum
634 1455 731 1485 unias
757 1454 967 1496 refractionis
995 1464 1060 1494 per
1080 1452 1288 1494 superficiem
1305 1453 1450 1493 planam
1465 1463 1476 1482 :

157 1508 192 1536 20
216 1506 263 1536 ad
283 1517 399 1536 casum
421 1506 566 1546 duplicis
589 1505 799 1548 refractionis
818 1518 882 1549 per
900 1507 1061 1537 laminam
1085 1507 1160 1535 ae're
1183 1505 1349 1535 ambiente
1367 1505 1477 1546 magis

157 1557 411 1599 refringentem:
447 1559 481 1591 3⁰
508 1559 555 1589 ad
583 1570 698 1590 casnm
731 1570 796 1600 quo
826 1559 914 1590 radii
942 1570 960 1589 e
987 1558 1093 1589 medio
1123 1557 1274 1599 quolibet
1309 1558 1343 1587 in
1381 1556 1479 1587 aliud

159 1610 367 1655 transmissi,
393 1616 630 1650 pertranseunt
653 1611 860 1652 superficiem
888 1612 1096 1652 sphaericam.
1131 1611 1301 1650 Quaeritur
1324 1610 1475 1651 insuper,

161 1668 213 1698 at,
241 1673 318 1704 qaae
341 1663 431 1693 dicta
454 1669 534 1693 sunt
557 1663 598 1693 de
621 1664 781 1694 causticis
797 1675 861 1705 per
885 1664 1131 1707 refractionem,
1165 1663 1211 1693 acl
1231 1663 1399 1693 causticas
1414 1673 1479 1704 per

160 1715 369 1757 reflexionem
393 1715 621 1747 extendantur.

206 1817 318 1855 QUAE
355 1818 595 1851 PRAEMIUM
632 1818 948 1851 REPORTAVIT
984 1820 1066 1850 DIE
1097 1819 1152 1850 111.
1192 1816 1434 1850 OCTOBRIS

666 1882 708 1913 M.
732 1882 851 1915 DCCC.
875 1882 982 1915 XXV.
