1820 2568
878 200 996 244 (¹3)

281 318 1598 337 Μ

282 524 391 545 SAEVIRE
405 522 551 543 PERGUNT.
562 522 641 541 —IN
655 520 826 548 INQUILXNOS
842 518 1031 540 CRUDELITAS.
1041 527 1085 534 -
1093 518 1278 542 THERAMEMS
1288 519 1451 542 ACCUSATIO
1463 521 1499 541 ΕΤ
1509 519 1602 542 MORS.

326 743 380 773 His
413 741 522 780 factis,
553 739 640 782 quasi
668 737 732 782 jam
756 739 810 777 iis,
840 738 996 781 quidquid
1023 739 1158 778 vellent,
1192 740 1298 770 facere
1324 739 1451 778 liceret,
1486 739 1604 771 multos

282 795 475 833 inimicitiae,
503 794 619 825 multos
646 804 745 835 opum
770 803 862 823 causa
884 792 1118 822 interemerunt
1141 792 1269 834 tyranni
1293 791 1358 833 (1),
1384 791 1460 822 alios
1485 792 1604 831 etiam,

280 860 344 879 non
367 848 434 878 sine
455 857 547 877 causa
571 847 712 888 ipsorum
734 845 869 888 imperio
893 845 1049 884 infensos,
1073 844 1108 875 in
1128 844 1277 876 exsilium
1296 843 1478 888 ejecerunt3
1500 844 1536 875 iu
1555 843 1605 875 his

281 900 516 943 Thrasybulum
537 905 632 942 atque
653 899 812 942 Anytum,
839 899 895 941 qui
911 904 1018 941 postea
1039 897 1189 930 exsulum
1212 897 1310 929 duces
1335 897 1525 928 exstiterunt
1545 895 1604 939 (2).

281 953 364 984 Cum
385 964 460 985 vero
485 964 549 983 non
569 952 743 991 haberent,
765 963 829 994 quo
849 951 1045 994 stipendium
1070 951 1229 984 solverent
1253 950 1452 994 praesidiariis
1475 949 1542 992 (3),
1571 949 1606 981 in

282 1007 421 1045 curiam,
445 1017 508 1048 quo
531 1006 616 1036 coire
637 1005 778 1038 solebant
798 1004 940 1046 quotidie
959 1004 1024 1046 (4),
1045 1010 1282 1043 convenerunt,
1304 1009 1342 1035 ut
1361 1003 1422 1034 hac
1437 1002 1478 1034 de
1497 1013 1532 1034 re
1549 1001 1608 1033 de-

281 1059 464 1090 liberarent.
490 1057 536 1088 lbi
555 1057 641 1100 apud
661 1063 810 1100 tyrannos
830 1057 982 1088 dixerunt
1001 1057 1162 1100 Theognis
1179 1063 1212 1088 et
1231 1058 1319 1096 Piso,
1339 1056 1509 1088 sceleribus
1522 1068 1608 1099 prae-

282 1112 471 1145 meditandis
496 1111 691 1154 collegarum
713 1111 836 1142 nemini
856 1110 1021 1150 cedentes,
1043 1122 1108 1142 esse
1124 1111 1208 1142 inter
1227 1110 1400 1153 inquilinos
1419 1109 1605 1149 nonnullos,

282 1167 338 1209 qui
364 1170 551 1208 praesentem
575 1164 759 1206 reipublicae
785 1169 901 1195 statum
925 1175 1007 1206 aegre
1031 1164 1174 1204 ferrent,
1198 1163 1449 1206 pulcherrimam
1474 1173 1550 1206 ergo
1573 1173 1607 1193 se

282 1225 389 1250 nactos
419 1229 483 1249 esse
512 1218 781 1260 opportunitatem
797 1242 805 1257 ‚
840 1218 944 1261 specie
973 1217 1104 1261 quidem
1135 1227 1244 1260 poenas
1277 1216 1463 1259 repetendi,
1497 1226 1608 1247 revera

284 1279 392 1304 autem
418 1271 555 1302 faciendi
576 1276 733 1314 quaestum
752 1270 819 1312 (5);
844 1281 952 1301 omnes
976 1276 1129 1313 praeterea
1148 1269 1394 1312 persentiscere,
1422 1267 1608 1311 reipublicae

285 1326 415 1357 omnino
441 1335 519 1367 opus
542 1335 607 1356 esse
630 1322 768 1366 pecunia
781 1322 846 1365 (6);
867 1323 968 1355 cuivis
992 1323 1091 1366 igitur
1106 1334 1212 1354 unum
1230 1333 1270 1353 ex
1294 1321 1461 1364 inquilinis
1476 1331 1608 1352 sumen-

285 1379 362 1410 dum
386 1389 468 1418 esse,
494 1379 575 1420 ipsos
600 1377 703 1420 capite
726 1376 842 1419 plecti,
873 1387 1050 1419 eorumque
1071 1375 1224 1421 pecunias
1248 1375 1477 1418 proscriptione
1500 1373 1609 1417 publi-

286 1434 348 1464 cari
374 1432 488 1463 debere
513 1431 570 1474 (7).
610 1430 706 1470 Quod
735 1429 825 1461 nullo
856 1430 983 1472 negotio
1017 1428 1220 1461 audientibus
1256 1438 1461 1471 persuasere,
1494 1432 1609 1469 praeter

346 1546 378 1575 (ι)
396 1544 505 1574 Xenopll.
523 1545 560 1572 11,
578 1544 607 1572 3,
628 1544 639 1573 §
656 1552 693 1566 21.

348 1586 379 1615 (2)
397 1585 463 1607 Idem
475 1603 480 1613 ,
503 1584 563 1607 ibid.
581 1584 593 1613 §
609 1585 651 1611 42,
676 1591 723 1614 quo
741 1583 794 1606 loco
814 1590 846 1605 an
867 1586 928 1605 recte
945 1589 993 1604 sese
1011 1581 1117 1604 habeant
1136 1581 1210 1604 verba
1231 1579 1282 1605 οἵτε
1305 1576 1479 1609 Ἀλκιβιάδῃ,
1500 1577 1611 1600 dubitare

287 1625 349 1648 mihi
367 1625 445 1647 liceat.
467 1624 523 1647 Non
541 1624 606 1646 enim
624 1632 637 1646 a
655 1623 730 1646 XXX
750 1623 809 1646 viris
825 1623 851 1645 in
869 1622 982 1645 exsilium
999 1626 1050 1645 erat
1072 1621 1185 1651 expulsus
1201 1620 1350 1648 Alcibiades,
1375 1619 1415 1642 sed
1435 1622 1488 1649 post
1505 1624 1611 1649 pugnam

288 1666 351 1695 apud
365 1665 465 1687 Nouum
482 1669 564 1694 sponte
580 1665 605 1687 in
620 1664 733 1687 exsilium
746 1668 798 1686 erat
810 1663 944 1694 profectus,
961 1670 1038 1693 neque
1052 1666 1133 1692 postea
1151 1661 1232 1684 rediit.
1248 1659 1299 1683 Aut
1314 1660 1388 1690 igitur
1401 1658 1504 1688 adjectio
1517 1656 1612 1680 serioris

289 1705 334 1728 aevi
351 1713 397 1727 esse
416 1705 525 1732 videtur,
545 1709 586 1727 aut
601 1704 731 1735 legendum
745 1703 798 1728 σι’ίτε
818 1704 937 1734 Ἀρχῖνον
955 1703 1031 1734 priori
1048 1702 1160 1733 opinioni
1176 1701 1257 1728 favet,
1276 1700 1340 1731 quod
1356 1700 1369 1729 §
1384 1700 1413 1722 44
1428 1706 1477 1721 non
1495 1697 1611 1728 repetitur

289 1744 422 1768 Alcibiadis
440 1751 542 1770 nomen,
562 1744 617 1767 huic
637 1743 701 1774 quod
718 1743 842 1766 Archinus
857 1747 908 1766 erat
925 1744 976 1771 vir,
996 1743 1032 1765 uti
1051 1741 1187 1765 videbimus
1205 1741 1230 1763 in
1248 1745 1382 1770 posterum,
1402 1738 1464 1761 inter
1481 1737 1574 1760 exsules
1588 1740 1612 1760 et

290 1784 390 1807 consilio
402 1788 424 1806 et
440 1784 580 1806 auctoritate
597 1783 760 1814 gravissimus.

351 1826 383 1853 (3)
402 1823 510 1853 Xenoph.
532 1823 592 1845 lbid.
611 1825 622 1852 ς)
643 1832 678 1846 21.

351 1865 383 1893 (4)
402 1866 505 1892 Seneca,
524 1864 552 1885 de
571 1864 695 1892 tranquill.
712 1865 801 1893 animi,
823 1873 843 1887 c.
860 1866 887 1893 3,
905 1873 929 1895 p.
947 1864 1007 1890 552,
1028 1862 1088 1886 edit.
1109 1862 1215 1884 Gronov.

352 1905 384 1934 (5)
402 1904 477 1926 Erant
494 1903 558 1925 enim
578 1903 603 1925 iu
622 1902 742 1933 μετοίκοις
764 1905 820 1935 (qui
839 1905 885 1928 fide
902 1904 999 1935 publiea
1017 1906 1156 1926 mercaturae
1177 1899 1313 1924 exercendae
1329 1898 1405 1929 gratia
1426 1896 1530 1920 Athenis
1547 1903 1612 1919 com-

291 1943 462 1972 morabantur)
478 1942 604 1972 permulti,
631 1942 673 1972 qui
687 1942 766 1966 labore
782 1952 824 1968 suo
844 1949 914 1976 atque
931 1943 1052 1968 industria
1071 1948 1169 1973 magnas
1187 1939 1233 1964 sibi
1249 1941 1448 1969 comparaverant
1466 1935 1574 1961 divitias.

352 1984 384 2013 (6)
399 1983 490 2013 Lysias
506 1987 588 2005 contra
608 1982 681 2004 Erat.
700 1990 723 2012 p.
743 1991 792 2013 ¹9²·

352 2023 384 2053 (7)
404 2021 512 2052 Xenoplt.
532 2022 590 2044 ibid.
609 2021 640 2044 cf.
660 2021 672 2051 ᾗ
692 2022 729 2044 4ο.

1812 163 1820 285 μμ-Αψ,
