1763 2511
764 208 885 252 (¹7)

156 276 313 309 nobismet
330 277 373 309 ita
390 279 651 321 cognoscentibus
667 279 847 313 credamus:
869 284 965 317 simul
984 293 1091 320 autem
1108 302 1144 323 ac
1161 294 1356 336 cognitiones
1376 308 1486 341 sponte

158 336 302 373 acceptas
325 337 381 363 aut
406 332 624 374 componendo
655 333 878 376 extendimus,
902 344 959 369 aut
983 339 1153 376 dividendo
1174 346 1390 392 illustramus,
1422 365 1487 385 uno

157 383 269 423 verbo,
292 383 348 415 ubi
368 384 567 415 intellectum
586 391 732 418 nostrum
751 396 920 431 vagantem
942 392 1208 440 determinamus,
1228 402 1408 445 fugientem
1429 407 1487 439 de-

157 438 295 469 tinemus
325 443 356 467 et
380 448 437 478 pro
457 436 565 469 lubitu
592 446 699 471 nostro
724 441 900 484 flectimus,
928 446 1111 490 dirigimus,
1137 459 1206 485 tum
1232 455 1363 489 demum
1388 469 1486 492 cessat

156 490 248 528 fides,
270 495 301 520 et
322 488 407 520 subit
421 490 455 520 in
476 489 545 533 ejus
561 491 667 524 locum
689 493 865 537 dubitatio,
889 500 963 541 quia
984 507 1063 534 tunc
1083 507 1272 547 cognitionis
1288 513 1402 543 veritas
1422 525 1486 546 non

156 543 257 574 solum
279 541 399 583 pendet
424 542 463 573 ab
484 544 551 587 ipsa
579 546 762 579 intellectus
788 552 887 582 nostri
911 559 1042 595 natura,
1078 568 1141 600 qua
1167 561 1203 591 fit
1228 568 1265 593 ut
1285 564 1324 594 sit
1348 568 1487 599 veritatis

154 605 272 636 capax,
302 595 356 626 sed
379 596 476 627 etiam
502 609 519 628 a
544 605 631 630 recto
660 607 692 631 et
712 602 854 644 genuino
875 604 1019 648 ejusdem
1045 621 1124 650 usu,
1154 624 1218 655 quo
1241 627 1323 660 saepe
1344 621 1484 654 nativam

151 646 291 679 veritatis
315 649 489 692 imaginem
512 651 659 684 libertate
683 662 789 688 nostra
808 657 956 691 videmus
977 661 1201 698 adulteratam.

769 780 863 823 §3-

358 872 427 903 An
451 873 612 905 certitudo
636 876 739 907 realis
763 879 820 909 vel
833 884 1026 921 personalis
1050 887 1099 917 sit
1118 888 1271 923 dicenda.

191 975 239 1005 Ex
265 977 433 1018 praemissis
457 980 589 1020 quaestio
615 981 694 1013 solvi
721 990 824 1025 potest
847 986 932 1018 inter
960 989 1163 1034 philosophos
1187 1007 1251 1028 non
1275 1000 1477 1036 mediocriter

144 1029 284 1072 agitata,
310 1036 421 1062 utrum
450 1034 610 1065 certitudo
637 1035 730 1066 realis
757 1049 798 1068 an
823 1041 996 1081 personalis
1026 1044 1066 1074 sit
1090 1045 1235 1080 dicenda.
1277 1052 1405 1087 Scilicet
1429 1069 1478 1090 res

144 1083 248 1113 omnis
274 1095 291 1113 a
318 1090 403 1115 recta
426 1084 593 1118 verborum
616 1088 880 1132 interpretatione
905 1095 1034 1136 pendet.
1073 1098 1154 1131 Nam
1181 1103 1206 1132 si
1230 1104 1268 1135 ad
1298 1107 1479 1151 subjectum

145 1135 368 1177 respiciamUS,
394 1137 428 1167 in
456 1138 542 1180 quod
564 1141 765 1174 certitudinis
784 1144 854 1176 idea
875 1147 974 1187 cadit,
1003 1157 1089 1182 certe
1114 1164 1179 1185 non
1200 1159 1299 1200 magis
1319 1163 1478 1196 certitudo

143 1188 178 1224 in
199 1189 482 1230 propositionibus,
506 1203 603 1234 quam
627 1196 765 1237 cognitio
785 1198 819 1228 in
840 1199 935 1231 rebus
957 1205 1073 1235 versari
1095 1213 1208 1248 potest.
1230 1211 1291 1244 Sed
1311 1215 1336 1244 si
1351 1216 1391 1247 ad
1406 1229 1478 1250 cer—

143 1241 289 1272 titudinis
306 1254 432 1274 causam
450 1246 659 1287 attendimus,
681 1248 776 1280 facile
796 1257 843 1281 est
863 1253 988 1295 videre,
1011 1258 1097 1299 quod
1111 1270 1176 1292 non
1193 1263 1352 1298 immerito
1373 1273 1475 1304 realis

142 1294 206 1325 dici
227 1297 368 1337 potuerit
387 1296 441 1328 illa
462 1299 621 1331 certitudo
642 1301 705 1344 qua
728 1303 825 1335 etiam
846 1306 991 1339 nolentes
1013 1310 1186 1355 afficimur,
1211 1320 1476 1367 quotiescumque

142 1349 280 1392 cognitio
303 1350 410 1393 aliqua
437 1352 527 1383 nobis
557 1365 623 1386 non
654 1358 871 1399 quaerentibus
896 1369 1038 1404 apparet.
1063 1366 1114 1396 An
1138 1374 1246 1401 autem
1273 1374 1474 1409 certitudinis

140 1408 255 1434 nostrae
280 1414 372 1434 causa
398 1405 432 1434 in
457 1405 552 1437 rebus
576 1408 625 1439 vel
645 1409 679 1439 in
702 1411 816 1442 animis
842 1421 1002 1456 versetur,
1032 1418 1064 1449 id
1091 1422 1193 1452 omnis
1216 1425 1272 1466 qui
1298 1426 1366 1458 haec
1388 1428 1474 1473 leget

139 1457 258 1498 poterit
272 1467 380 1488 secum
395 1459 549 1500 experiri,
578 1461 735 1504 videndo,
754 1477 796 1496 an
817 1466 875 1498 sibi
895 1470 991 1510 possit
1010 1474 1202 1513 persuadere
1226 1477 1308 1510 hanc
1330 1481 1471 1516 chartam

139 1510 174 1540 in
189 1520 252 1551 qua
270 1521 358 1541 nunc
376 1511 494 1551 scribo,
516 1524 582 1544 esse
599 1516 741 1558 nigram,
764 1520 953 1562 scripturam
974 1534 1050 1556 vero
1072 1526 1187 1559 albam.
1212 1529 1317 1564 Velim
1339 1546 1473 1578 cognos—

139 1574 212 1594 cere
236 1563 329 1594 illum
355 1564 535 1606 hominem,
561 1569 633 1610 qui,
660 1569 738 1602 dum
763 1583 822 1615 ego
846 1574 919 1605 istos
939 1587 1065 1619 campos
1090 1580 1182 1612 video
1203 1584 1299 1626 spissa
1320 1588 1392 1619 nice
1412 1590 1471 1621 ob-

139 1616 251 1648 ductos
274 1623 370 1659 atque
392 1618 574 1660 horrentes,
602 1622 728 1654 eosdem
748 1636 806 1667 pro
832 1626 956 1667 lubitu,
981 1631 1068 1662 vario
1092 1631 1207 1666 florum
1233 1636 1470 1685 herbarumque

138 1670 259 1701 amictu
285 1676 409 1701 ornatos
434 1677 466 1702 et
489 1672 629 1705 ridentes
653 1676 792 1718 videret,
820 1679 874 1711 sed
899 1682 1038 1714 maxime
1062 1696 1189 1727 vereor,
1213 1700 1253 1720 ne
1276 1691 1346 1723 talis
1374 1695 1468 1728 homo

137 1721 244 1753 adhuc
268 1734 427 1765 nusquam
450 1726 620 1766 exstiterit,
647 1734 679 1759 et
696 1740 737 1760 ne
758 1741 926 1775 nunquam
947 1735 1063 1767 alicubi
1091 1739 1131 1769 sit
1153 1743 1341 1785 exstiturus,
1367 1759 1404 1778 ac
1427 1760 1468 1781 ne

134 1775 269 1818 proinde
293 1776 465 1808 dicendum
489 1779 543 1819 sit,
574 1787 679 1813 nostra
704 1783 737 1813 in
761 1791 915 1826 potestate
939 1799 1003 1819 non
1031 1793 1162 1832 versari,
1194 1801 1306 1828 utrum
1330 1800 1466 1834 velimus

136 1839 202 1859 esse
227 1830 319 1869 certi,
350 1842 468 1872 necne3
494 1844 607 1865 verum
633 1835 717 1867 hanc
745 1840 970 1873 certitudinem
993 1843 1088 1875 rebus
1113 1848 1242 1880 omnino
1264 1850 1346 1889 effici
1370 1861 1466 1898 atque

136 1882 250 1913 animis
273 1885 386 1915 nostris
405 1885 537 1929 imponi.
565 1888 674 1927 Quare
693 1902 756 1923 non
773 1899 835 1933 est,
852 1905 909 1926 cur
932 1895 1130 1940 Filangierus
1150 1900 1238 1944 (cap.
1261 1905 1321 1947 13)
1342 1909 1464 1950 vulgus

134 1936 443 1979 metaphysicorum,
466 1945 505 1970 ut
523 1947 627 1982 vocat,
651 1949 715 1976 tam
736 1947 850 1979 acriter
868 1948 1058 1991 insectetur,
1080 1954 1166 1995 quod
1186 1955 1356 1999 aliquando
1378 1962 1463 2003 apud

135 1998 188 2019 eos
211 1988 250 2020 de
273 1990 466 2023 certitudine
490 1993 568 2025 reali
591 2006 694 2029 sermo
719 1999 774 2040 sit,
808 2012 883 2034 cuni
906 2003 939 2035 id
966 2015 1031 2035 non
1055 2006 1098 2036 ita
1127 2008 1167 2038 sit
1196 2009 1459 2054 intelligendum,

1111 2061 1128 2089 3
