1763 2511
753 181 870 223 (5¹)

145 265 250 303 testis,
272 268 442 305 antequam
456 258 672 292 testimonium
690 253 872 298 perhibeat,
890 252 1097 298 jurisjurandi
1116 254 1270 299 religione
1285 266 1318 287 se
1332 255 1470 288 obstrin—

148 323 202 360 gat
224 317 290 359 (1);
318 317 353 346 2⁰
376 320 414 346 ut
434 313 539 346 vivida
559 322 636 344 voce
655 308 873 340 testimonium
894 307 978 338 ferat
997 307 1053 350 (2).

192 368 422 413 Jusjurandum
440 366 511 397 ideo
525 376 543 395 a
561 361 691 394 testibus
712 361 868 404 exigitur,
892 367 929 392 ut
947 361 1033 393 illius
1058 363 1111 393 cui
1133 362 1215 394 nihil
1232 374 1382 395 arcanum
1406 369 1469 403 est,

149 430 182 456 et
200 425 255 467 qui
270 423 380 454 intima
391 419 558 450 hominum
573 417 692 449 viscera
704 421 883 454 scrutatur,
902 426 1038 457 praesens
1053 421 1085 446 et
1103 415 1207 448 vivida
1222 417 1383 459 cogitatio,
1402 417 1470 449 veri

149 476 274 508 dicendi
295 473 490 506 voluntatem
510 470 544 500 in
564 470 602 500 iis
621 481 718 512 quam
738 469 877 500 maxime
898 469 1031 508 excitet3
1054 469 1146 513 cujus
1162 470 1209 502 vis
1225 470 1259 500 in
1280 481 1317 500 eo
1333 471 1389 500 sita
1408 476 1469 510 est,

148 529 234 573 quod
254 526 348 567 vulgo
369 524 583 562 existimatur,
605 523 711 554 Deum
729 523 901 554 severiores
917 533 1027 564 poenas
1044 522 1083 553 ab
1102 533 1138 553 eo
1159 533 1224 553 esse
1239 523 1469 565 repetiturum,

147 582 201 624 qui
221 579 261 610 ad
282 578 376 608 fidem
399 576 566 608 mendacio
587 575 818 606 conciliandam
843 574 911 618 ejus
937 576 1067 606 nomine
1093 575 1259 615 abutetur,
1287 587 1383 618 quam
1414 578 1472 619 qui

144 631 279 674 simplici
299 630 505 661 affirmatione
526 628 642 660 falsum
661 639 719 670 pro
741 638 816 659 vero
836 627 1023 658 venditabit.
1048 627 1168 659 Utrum
1190 639 1226 658 ea
1249 629 1356 670 opinio
1374 629 1472 660 solido

143 684 354 717 fundamento
375 684 511 722 nitatur,
534 692 653 720 necne,
677 680 759 711 illud
778 679 818 710 ad
839 678 1054 710 aestimandam
1073 679 1278 722 jurisjurandi
1300 681 1472 712 efficaciam

143 750 259 782 parum
272 737 381 768 refert.
400 735 537 775 Sufficit,
557 746 627 766 eam
642 734 824 776 opinionem
843 731 939 773 vulgo
958 732 1109 770 existere,
1127 737 1159 762 et
1178 743 1233 762 sua
1252 733 1283 763 vi
1298 732 1443 764 homines
1455 744 1473 764 a

143 791 223 823 falso
240 790 374 821 dicendo
390 789 582 832 plerumque
603 792 757 820 avertere.
786 784 857 816 Non
876 784 962 823 dico,
986 794 1061 815 eum
1084 784 1141 826 qui
1159 783 1217 813 ista
1239 784 1389 825 opinione
1411 786 1473 816 erit

144 843 302 881 imbutus,
328 852 506 884 numquam
524 840 691 872 veritatem
708 837 874 869 mendacio
896 836 1163 879 posthabiturum.
1191 835 1371 879 Aliquando
1387 839 1473 869 enim

145 902 260 928 nostrae
277 894 424 926 libidines
443 893 520 924 adeo
537 903 592 923 nos
608 892 785 934 exagitant,
805 896 843 921 ut
856 890 965 921 nullus
980 890 1126 932 religioni
1140 889 1229 920 locus
1244 891 1390 932 supersit.
1412 891 1474 923 Sed

143 951 179 981 in
193 949 354 992 plerisque
372 946 494 978 casibus
512 946 566 977 ille
586 946 642 988 qui
658 944 747 975 nulla
765 954 840 976 vere
856 942 1009 985 singulari
1031 943 1123 973 causa
1138 942 1330 984 abripietur,
1351 945 1474 975 etiamsi

145 1003 185 1035 ad
202 1000 423 1034 mentiendum
443 1009 619 1042 propensus
639 999 692 1037 sit,
712 997 863 1029 Divinam
882 995 1055 1028 vindictam
1076 996 1110 1027 in
1130 1006 1163 1027 se
1184 1007 1249 1026 non
1269 1003 1417 1037 arcesset,
1437 1003 1474 1029 ut

143 1054 308 1087 innocenti
331 1058 443 1085 noceat
467 1052 519 1085 vel
541 1052 670 1082 nocenti
692 1050 809 1082 faveat.

189 1108 365 1146 Caeterum,
398 1106 548 1148 quoniam
571 1105 672 1135 omnis
696 1105 743 1137 vis
762 1115 835 1147 quae
854 1100 1055 1147 jurijurando
1082 1103 1120 1135 ad
1142 1103 1336 1135 eliciendum
1360 1115 1474 1136 verum

143 1160 363 1193 testimonium
383 1159 482 1198 inest,
508 1169 548 1188 ex
569 1169 620 1198 ea,
641 1169 738 1201 quarn
759 1157 840 1197 dixi,
863 1156 1035 1188 formidine
1056 1157 1171 1196 oritur,
1195 1156 1252 1188 ubi
1272 1157 1341 1188 haec
1360 1162 1473 1197 cessat,

143 1215 241 1246 etiam
268 1212 322 1243 illa
350 1218 449 1243 cesset
475 1222 603 1243 necesse
631 1217 688 1242 est.
718 1211 752 1241 Si
781 1210 1042 1242 Mahometanum
1071 1221 1183 1252 cogere
1211 1209 1325 1248 velles,
1350 1216 1388 1240 ut
1416 1221 1475 1252 per

104 1296 107 1300 ,
144 1266 306 1297 Christum
316 1289 324 1304 ,
340 1271 396 1296 aut
411 1264 643 1304 Christianum,
660 1270 697 1295 ut
708 1274 766 1306 per
780 1263 999 1294 Mahometum
1013 1261 1152 1305 juraret,
1170 1267 1255 1292 certe
1269 1273 1326 1303 pro
1342 1273 1379 1292 eo
1394 1261 1475 1293 illud

143 1317 368 1363 jusjurandum
384 1327 448 1355 non
466 1318 575 1358 magis.
586 1328 682 1359 quam
702 1317 836 1359 simplex
852 1315 1017 1346 affirmatio
1038 1314 1158 1346 valeret
1173 1314 1230 1356 (3).
1257 1315 1475 1353 Quamobrem

145 1378 286 1416 oportet,
307 1376 345 1402 ut
365 1371 482 1413 cuique
501 1381 561 1412 pro
582 1381 638 1402 suo
656 1371 722 1401 ritu
741 1371 847 1401 Deum
860 1369 967 1400 testari
982 1367 1091 1407 liceat,
1111 1372 1144 1397 et
1159 1367 1303 1398 eamdem
1321 1367 1360 1398 ob
1376 1369 1474 1399 ratio-

143 1437 219 1458 nem
231 1425 279 1456 illi
289 1423 405 1467 quibus
417 1423 593 1465 religionis,
604 1434 702 1466 quam
716 1429 889 1463 sectantur,
905 1427 1064 1465 praecepta
1078 1420 1290 1461 interdicunt,
1303 1422 1474 1463 quominus

205 1538 250 1567 (ι)
266 1536 410 1566 Priusquam
428 1540 496 1558 testes
510 1535 550 1559 vel
563 1535 710 1558 defendendi
725 1528 760 1558 rei
778 1542 859 1562 causa,
878 1534 918 1559 vel
935 1538 1020 1557 contra
1031 1540 1086 1556 eum
1105 1533 1234 1563 appellati,
1257 1532 1286 1555 ad
1309 1532 1474 1555 testimonium

144 1577 311 1603 exhibendum
332 1576 508 1603 admittantur,
525 1575 683 1605 jurejurando
697 1575 740 1598 sub
753 1582 825 1606 poena
841 1574 964 1598 nullitatis
979 1581 1059 1596 coram
1077 1573 1157 1603 judice
1174 1581 1196 1595 se
1213 1572 1359 1602 obstringere
1375 1572 1473 1601 debent,

145 1623 174 1642 ut
193 1625 289 1641 omnem
304 1616 432 1639 veritatem
449 1620 473 1638 et
486 1615 551 1637 nihil
566 1615 614 1637 nisi
628 1615 755 1639 veritatem
769 1616 865 1644 dicant,
883 1620 907 1638 et
923 1615 949 1637 in
965 1614 1042 1637 causis
1056 1613 1223 1636 criminalibus
1237 1613 1332 1643 proprie
1345 1612 1377 1635 sie
1390 1613 1473 1641 dictis,

147 1664 175 1681 ut
191 1659 242 1681 siue
260 1656 316 1680 odio
330 1661 354 1679 et
371 1659 437 1678 metu
455 1655 595 1686 loquantur.
615 1655 669 1678 Art.
688 1655 731 1685 75,
751 1656 808 1685 155,
830 1655 873 1685 189
892 1659 916 1678 et
933 1655 989 1685 517,
1007 1654 1034 1677 C.
1055 1653 1150 1676 d'iustr.
1173 1653 1241 1676 crim.
1261 1665 1290 1670 -
1306 1653 1334 1676 L.
1351 1661 1380 1683 9,
1400 1653 1425 1675 C.
1446 1653 1475 1676 de

147 1702 201 1721 lest.
220 1697 296 1720 Haus.
316 1696 328 1725 ᾗ
347 1695 400 1717 586.

207 1746 252 1775 (2)
268 1746 313 1768 Les
329 1743 430 1767 telmoius
449 1743 591 1774 deposerout
604 1744 753 1770 omlement,
772 1747 817 1766 art.
830 1743 879 1773 517
895 1742 922 1765 in
938 1742 993 1765 fine.

208 1786 242 1809 D.
258 1784 399 1808 Hadrianus
418 1783 491 1806 Junio
508 1783 598 1806 Rufino
612 1783 754 1806 Proconsuli
771 1782 917 1806 Macedoniae
933 1781 1066 1812 rescripsit,
1086 1781 1187 1804 testibus
1205 1788 1244 1809 se,
1263 1787 1313 1803 non
1331 1780 1476 1802 testimoniis

148 1825 305 1850 crediturum.
324 1825 352 1847 L.
367 1825 393 1853 ὅ,
409 1824 461 1853 §5‚
478 1823 505 1846 ff.
523 1824 551 1846 de
566 1827 618 1846 test*
633 1836 663 1841 —
677 1824 708 1846 Et
723 1822 788 1846 iufra
804 1823 816 1852 §
831 1823 859 1849 4,
875 1822 922 1845 alia
936 1826 971 1845 est
983 1821 1114 1844 auctoritas
1126 1821 1292 1850 plne-rentium
1305 1819 1415 1848 testium,
1427 1819 1476 1841 alia

149 1865 340 1889 testimoniorum
357 1871 409 1894 quae
425 1863 520 1886 recitari
535 1863 620 1885 solent.

210 1914 248 1944 (3)
264 1913 365 1937 Aucune
381 1913 416 1935 toi
430 1920 461 1935 ne
475 1912 564 1935 defend
580 1920 625 1942 que
641 1913 681 1935 des
697 1912 772 1941 Juifs,
796 1912 899 1936 tdmoins
917 1911 977 1934 dans
994 1918 1042 1933 une
1060 1909 1173 1941 enquid&
1189 1909 1286 1939 -pretent
1302 1909 1354 1931 leur
1371 1911 1475 1930 serment

152 1953 217 1976 selon
233 1953 285 1976 leur
302 1952 347 1976 rite
361 1952 486 1982 juda'ique.
499 1952 581 1980 (Cass.
599 1960 625 1975 12
641 1953 720 1981 juillet
736 1954 801 1976 1810.
814 1966 844 1971 —
858 1953 942 1976 Journ.
957 1952 989 1975 du
1005 1951 1055 1982 pal.
1073 1951 1102 1974 T.
1119 1958 1159 1980 27,
1175 1957 1199 1980 p.
1215 1949 1267 1972 436.
1282 1961 1311 1966 -—
1324 1948 1386 1971 Den.
1400 1948 1429 1970 T.
1445 1947 1470 1976 8,

152 2000 176 2022 p.
195 2000 247 2022 270.
264 2005 293 2010 —
309 1993 354 2016 Sir.
371 1992 400 2014 T.
424 2000 463 2019 1ο,
481 2000 504 2021 p.
522 1992 601 2021 529).·
