1763 2511
852 155 870 196 (
890 155 910 187 8
932 154 950 197 )

244 233 415 268 annotatio.
438 230 505 262 Sub
531 228 716 261 Christianis
739 225 985 271 Imperatoribus
1005 225 1153 257 Romanis
1178 231 1210 258 et
1225 224 1316 258 liberi
1337 225 1482 259 homines
1506 237 1566 270 po-

243 293 377 321 tuerunt
397 285 549 328 torqueri.

820 352 984 384 TOPICA.

286 443 324 474 In
344 442 404 473 hoc
429 439 537 472 libello
561 438 662 470 multa
689 441 863 468 occurrunt
886 435 982 467 verba
1007 434 1135 473 Graeca,
1160 444 1231 476 quae
1252 433 1382 472 Cicero,
1407 438 1566 475 quantum

243 496 311 528 fieri
331 494 443 537 possit,
463 492 575 523 Latine
594 490 747 530 reddidit,
769 500 810 520 ne
828 489 960 519 Latinus
979 498 1084 519 sermo
1106 487 1239 518 inferior
1261 487 1371 518 Graeco
1391 486 1565 519 videretur.

242 551 283 580 Et
300 550 334 580 in
349 548 438 579 hunc
457 557 584 577 sensum
599 544 743 587 intelligo
757 554 794 574 ea
814 542 896 582 loca,
918 541 974 573 uhi
986 541 1139 584 gloriatur
1157 539 1267 582 lingua
1289 538 1399 570 Graec&
1419 539 1564 570 Latinam

242 613 307 633 non
332 611 397 632 esse
421 599 657 642 pauperiorem,
687 596 773 640 quod
788 596 942 627 nimirum
963 595 1065 625 Graeci
1086 593 1214 625 nullum
1239 591 1394 623 haberent
1413 591 1565 631 verbum,

242 655 328 699 quod
352 664 418 685 non
441 657 514 695 apte
536 652 648 682 Latino
674 650 769 683 verbo
790 654 894 692 posset
919 647 1066 690 exprimi.

748 739 807 768 DE
845 736 1054 766 ORATORE.

837 808 903 838 Lm.
937 806 962 837 Ι.

836 878 909 909 ΟΑΡ.
940 877 972 917 4.

286 961 412 1000 Atque
437 961 473 986 ut
497 955 648 985 omittam
677 951 854 981 Graeciam
872 967 916 973 —
936 949 1081 978 omnium
1100 949 1252 990 gentium
1271 949 1524 990 praestiterunt.

286 1040 403 1070 Totum
429 1037 518 1068 hunc
540 1035 648 1066 locum
675 1030 883 1064 indicandum
912 1029 1001 1060 duxi.
1036 1029 1185 1061 Continet
1213 1036 1321 1063 autem
1343 1031 1475 1064 brevem
1501 1031 1570 1063 elo-

243 1092 381 1136 quentiae
411 1089 496 1132 apud
523 1088 678 1118 Romanos
706 1084 887 1122 historIam,
918 1088 950 1113 et
981 1083 1090 1124 paucis
1120 1083 1154 1113 in
1175 1094 1213 1114 eo
1237 1083 1341 1116 verbis
1372 1084 1569 1124 declaratur,

242 1151 401 1188 quantum
420 1141 553 1173 Romani
574 1140 634 1169 hac
663 1137 697 1167 in
721 1147 756 1167 re
785 1135 904 1166 Graecis
933 1134 1069 1165 debeant
1097 1135 1204 1178 (conf.
1230 1137 1425 1168 Rulznkenii
1451 1137 1570 1168 Oratio

241 1201 282 1231 de
312 1198 453 1229 Graecia
479 1195 602 1224 artium
627 1202 667 1221 ac
696 1189 919 1220 doctrinarum
945 1186 1124 1219 inventtice
1158 1188 1321 1229 Opuscal.
1354 1189 1443 1220 Tom.
1470 1190 1503 1220 Ι.
1535 1190 1571 1220 in

236 1252 357 1294 primis
372 1260 457 1290 pag.
482 1248 545 1277 110
566 1245 647 1275 haec
675 1243 798 1275 verba·
827 1242 889 1272 sed
909 1242 986 1283 quis
1017 1240 1155 1271 Graecis
1182 1259 1226 1266 ·—
1246 1242 1389 1283 ingenue
1403 1241 1570 1284 fatetur).

242 1304 355 1335 Merito
383 1301 492 1331 Cicero
524 1298 663 1329 Athenas
688 1300 780 1328 vocat
808 1294 952 1325 omnium
977 1293 1193 1324 doctrinmum
1217 1295 1427 1334 inventrices,
1459 1293 1568 1337 (conf

247 1355 400 1387 Creuzeri
430 1352 547 1383 Oratio
570 1349 793 1391 inauguralis.
820 1347 931 1390 Lugd.
934 1347 1078 1377 —Bcztav.
1103 1346 1189 1378 1809
1206 1347 1368 1387 passim)
1396 1348 1430 1376 in
1455 1347 1572 1389 quibus

243 1419 366 1439 summa
401 1404 527 1436 dicendi
559 1404 605 1433 vis
638 1408 670 1432 et
699 1402 829 1433 inventa
858 1400 898 1430 sit
932 1405 964 1430 et
998 1399 1151 1441 perfecta.
1173 1417 1216 1422 —
1237 1398 1362 1429 Deinde
1400 1399 1571 1430 confitetur

243 1463 397 1492 Romanos
419 1458 566 1488 Oratores
585 1461 657 1484 ante
674 1454 859 1484 Graecorum
877 1453 1009 1483 Romam
1028 1451 1218 1491 adventum,
1242 1457 1368 1482 tantum
1386 1457 1570 1482 consecutos

244 1526 327 1552 esse,
353 1517 509 1554 quantum
532 1508 659 1550 ingenio
680 1512 712 1537 et
731 1506 920 1548 cogitatione
940 1510 1077 1547 possent.
1106 1505 1181 1535 Post
1204 1510 1329 1542 autem,
1358 1503 1475 1534 auditis
1499 1514 1572 1534 ora—-

244 1574 291 1597 101
295 1566 363 1596 ibus
389 1563 521 1601 Graecis,
548 1560 745 1603 cognitisque
773 1570 883 1590 eorum
908 1558 1025 1598 literis,
1056 1557 1268 1599 adhibitisque
1295 1555 1493 1596 doctoribus,
1517 1557 1571 1587 in-

245 1632 278 1650 ei
273 1618 394 1650 ed1b1le
418 1616 554 1659 quodam
577 1613 703 1645 dicendi
726 1612 830 1644 studio
855 1612 1010 1655 flagrasse.

288 1673 413 1702 Primus
439 1670 584 1707 Grecos,
611 1667 666 1709 qui
690 1667 796 1697 Romae
820 1666 944 1705 docuit,
965 1664 1030 1695 fuit
1050 1663 1157 1695 C1ates
1173 1662 1334 1694 Malleotes
1356 1661 1412 1704 (A.
1442 1661 1504 1693 588
1530 1661 1570 1692 ab

245 1726 287 1756 U.
310 1725 344 1754 C.
356 1725 380 1764 ).
406 1734 516 1754 verum
538 1721 717 1763 eloquentia
737 1721 893 1759 Romana,
918 1717 1062 1761 quamvis
1081 1717 1171 1747 initio
1192 1715 1317 1754 rudior,
1342 1720 1415 1745 nata
1438 1714 1569 1744 demum

245 1775 400 1808 censenda
417 1781 463 1805 est
479 1781 620 1816 tempore
632 1774 796 1816 legationis
814 1773 912 1803 trium
929 1771 1057 1802 illorum
1075 1769 1343 1800 nobilissimorum
1362 1766 1567 1809 philosopho-

247 1841 342 1868 rum,
377 1828 542 1870 Dioge11i5‚
575 1827 703 1857 Critolai
731 1832 763 1857 et
791 1824 959 1856 Carneadis
989 1823 1048 1865 (A.
1074 1823 1116 1854 U.
1142 1822 1237 1864 599).
1273 1820 1322 1852 Ab
1354 1820 1403 1850 his
1434 1820 1567 1850 Romani

248 1882 350 1914 edocti
377 1882 491 1911 sensim
516 1879 660 1910 meliores
685 1880 831 1910 Oratores
855 1878 993 1910 evasere.

288 1933 385 1973 Quod
417 1938 525 1964 autem
553 1932 586 1962 in
616 1932 677 1962 fine
702 1931 798 1975 hujus
828 1932 889 1963 loci
921 1930 1008 1962 addit
1039 1928 1168 1967 Cicero,
1198 1926 1325 1969 ingenia
1360 1924 1566 1968 popularium
