1820 2568
595 416 1140 479 INTRODUCTIO.

210 841 293 898 Ea
315 865 431 908 fuisse
453 865 585 897 videtur
606 874 716 895 rerum
732 862 952 904 publicarum
988 861 1214 899 Graecarum,
1246 862 1411 903 imprimis
1437 860 1546 892 'Atti-

209 931 291 957 cae,
324 919 494 957 conditio,
531 925 586 956 ut,
620 919 681 961 qui
708 918 743 948 in
774 917 818 947 iis
848 917 996 948 viverent
1021 915 1142 947 divites
1172 926 1213 946 ac
1238 925 1432 957 pauperes,
1471 924 1547 945 cum

208 973 341 1004 nullum
357 971 448 1015 fere,
476 978 538 1003 aut
558 972 679 1003 saltem
698 972 860 1013 exiguum
880 971 967 1001 inter
990 970 1082 1010 ipsos
1102 968 1318 1000 intercederet
1337 967 1546 1009 reipublicae

209 1027 404 1062 vinculum,
437 1026 506 1056 sibi
536 1026 677 1055 invicem
706 1024 854 1063 oppositi
884 1026 998 1052 essent
1021 1027 1126 1062 atque
1149 1021 1349 1051 adversarii.
1390 1021 1486 1051 Hinc
1511 1022 1547 1051 in

208 1078 362 1109 omnibus
377 1087 488 1118 paene
515 1075 728 1116 optimatium
754 1079 789 1104 et
804 1073 1026 1115 popularium
1039 1072 1233 1115 factiones,
1262 1083 1407 1115 quarum
1424 1073 1547 1104 simul-

209 1136 297 1162 tates
324 1129 411 1161 bello
445 1128 734 1169 Peloponnesiaco
763 1127 798 1157 in
822 1127 1038 1157 inimicitiam
1062 1131 1243 1169 eruperunt
1260 1126 1333 1169 (1),
1375 1131 1547 1169 totamque

215 1183 393 1214 Graeciam
417 1187 711 1224 conquassarunt,
737 1180 965 1222 popularibus
992 1180 1249 1216 Athenienses,
1277 1179 1449 1210 nobilibus
1474 1180 1548 1210 La—

209 1235 439 1267 cedaemonios
464 1234 709 1266 invocantibus.
741 1233 823 1264 Cum
844 1238 957 1264 autem
978 1233 1050 1263 illis
1074 1233 1277 1274 temporibus
1289 1244 1415 1274 parum
1435 1233 1546 1264 adhuc

208 1288 399 1319 hominibus
425 1288 629 1319 innotuisset
647 1297 778 1329 aequae
803 1285 972 1317 libertatis
988 1285 1253 1328 fundamentum
1277 1285 1367 1316 illud
1390 1286 1544 1323 unicum,

210 1340 303 1384 quod
334 1339 532 1371 libramento
563 1339 710 1370 cernitur
728 1343 935 1380 potestatem
966 1338 1054 1369 inter
1081 1349 1216 1375 eorum,
1243 1349 1350 1380 penes
1381 1348 1466 1380 quos
1496 1345 1549 1369 est

209 1404 343 1425 summa
377 1404 507 1429 rerum,
543 1404 721 1434 eorumque
747 1392 958 1428 libertatem,
991 1391 1052 1434 qui
1086 1391 1140 1422 his
1170 1390 1350 1422 obediunt:
1383 1403 1449 1422 non
1466 1391 1549 1434 fieri

204 1452 360 1489 poterat,
387 1447 489 1489 quin,
518 1457 606 1489 quae
621 1445 736 1488 factio
761 1447 833 1477 sive
856 1446 1092 1487 optimatium,
1125 1446 1197 1476 sive
1221 1445 1441 1487 popularium
1461 1446 1548 1476 civi—

212 1501 276 1531 tati
294 1506 486 1542 praeesset,
518 1511 558 1530 ea
584 1510 713 1541 semper
744 1501 794 1530 ita
822 1505 955 1541 ageret,
990 1505 1027 1529 ut
1047 1499 1190 1529 alteram
1220 1509 1420 1540 quocunque
1451 1498 1546 1529 modo

205 1552 382 1595 frangeret
404 1559 507 1595 atque
534 1554 732 1595 opprimeret
755 1552 814 1594 (2).
862 1552 960 1591 Quae
985 1551 1263 1593 quemadmodum
1289 1562 1366 1582 vera
1390 1551 1547 1583 videntur

214 1605 254 1635 de
279 1606 439 1643 caeteris,
469 1607 518 1637 ita
543 1617 607 1636 non
630 1606 740 1635 minus
767 1605 856 1635 clare
882 1604 918 1634 in
944 1609 1155 1645 conspectum
1181 1604 1308 1634 cadunt
1330 1615 1460 1641 eorum,
1486 1606 1548 1646 qui

215 1658 419 1699 reipublicae
445 1659 593 1689 Atticae
615 1657 791 1687 historiam
814 1662 944 1687 attenta
966 1663 1072 1687 mente
1098 1658 1278 1687 intuentur.
1306 1657 1410 1687 Hanc
1433 1663 1546 1688 autem

215 1721 322 1742 rerum
342 1711 564 1743 conditionem
583 1711 715 1741 civitati
734 1711 787 1741 illi
797 1709 1075 1753 funestissimam
1086 1710 1224 1754 fuisse,
1247 1721 1340 1742 nemo
1359 1723 1424 1742 non
1444 1711 1546 1742 videt.

275 1823 320 1852 (1)
341 1822 448 1853 Thucyd.
470 1823 495 1845 in
511 1830 565 1853 cap.
584 1823 626 1845 illo
646 1822 737 1853 egregio
755 1823 797 1849 82,
818 1822 861 1845 lib.
880 1824 928 1846 111¹.

275 1863 319 1892 (2)
335 1863 424 1886 Eadem
443 1863 492 1886 fere
509 1868 545 1886 est
563 1863 699 1886 observatio
719 1863 906 1886 duumvirorum
927 1863 991 1886 iuter
1009 1862 1152 1886 recentiores
1170 1863 1199 1886 de
1214 1863 1315 1894 antiqua
1330 1862 1429 1886 Graeeiae
1445 1862 1548 1885 historia

214 1902 306 1933 optime
324 1905 479 1931 meritorum,
498 1903 562 1926 doct.
579 1903 670 1926 scilicet
681 1905 705 1925 J.
729 1904 840 1926 Giiliesii
855 1903 881 1926 in
892 1910 976 1933 opere,
991 1902 1031 1926 cui
1048 1902 1134 1925 titulus
1151 1907 1201 1925 est:
1228 1902 1279 1926 The
1295 1903 1388 1934 history
1406 1903 1440 1932 of
1449 1903 1547 1926 ancient

220 1943 325 1969 Goeece,
345 1943 377 1965 its
394 1943 503 1966 cotonies
519 1944 573 1966 and*
589 1948 729 1973 conque-sis,
750 1944 800 1966 vol.
812 1945 863 1972 111,
881 1951 906 1974 p.
927 1952 982 1974 ης,
1000 1943 1059 1966 edit.
1079 1942 1120 1966 6³³.
1139 1943 1277 1973 (London,
1300 1944 1394 1973 1820),
1422 1947 1445 1966 et
1468 1943 1547 1966 nobil.

219 1983 263 2006 W.
282 1982 422 2012 Mitfiu-dii,
441 1983 467 2005 in
484 1982 586 2006 historia
604 1983 719 2011 Graeciae,
738 1983 840 2014 Anglico
859 1983 976 2006 idiomate
993 1984 1096 2014 script-a,
1115 1987 1140 2007 ει
1157 1983 1190 2007 ab
1202 1983 1359 2008 Eichstiidtio
1370 2001 1378 2013 ,
1396 1991 1420 2007 v.
1436 1983 1466 2006 cl.
1488 1982 1545 2005 Ger-

217 2022 309 2045 manice
326 2029 406 2051 versa,
426 2021 476 2045 vol.
494 2022 525 2050 V,
544 2030 568 2052 p.
591 2022 711 2053 imprimis
730 2023 768 2053 39.
793 2023 919 2054 (Lipsiae,
940 2023 1027 2052 1805).
