1763 2511
901 172 917 215 (
940 172 982 213 46
1004 172 1021 215 )

301 252 420 294 piatur,
442 249 515 292 quia
542 259 578 278 eo
600 248 699 290 magis
718 259 734 278 a
754 245 949 289 deceptionis
970 245 1114 288 periculo
1135 245 1269 278 cavebit.
1294 246 1383 285 Quid
1398 248 1517 280 diceres
1535 249 1574 282 de
1588 262 1625 283 eo

297 306 353 348 qui
374 303 481 335 oculos
495 302 553 334 sibi
569 308 712 341 erueret,
731 313 772 333 ne
791 303 933 344 ipsorum
952 310 1059 331 errore
1080 299 1211 331 forsitan
1232 300 1422 333 falleretur?
1439 303 1480 333 At
1493 303 1518 334 si
1532 309 1625 336 testes

294 358 392 402 judici
408 357 535 395 adimis,
559 355 667 387 oculos
685 356 714 386 ei
734 355 853 386 excidis
874 354 930 396 (1).
956 353 1173 392 Quamobrem
1195 354 1386 397 generaliter
1400 357 1495 387 statui
1512 356 1624 398 velim,

291 417 330 442 ut
345 410 447 442 omnis
466 409 553 440 testis
575 408 613 440 ad
636 409 853 439 testimonium
877 407 1049 438 dicendum
1065 406 1304 448 admitteretur,
1327 411 1533 452 quantumvis
1549 421 1626 454 pro—

291 460 403 495 babilis
425 462 551 495 errandi
576 468 633 494 aut
651 461 828 493 mentiendi
846 473 940 492 causa
960 462 993 492 in
1017 472 1054 492 eo
1073 468 1256 505 appareret:
1281 469 1430 494 caeterum
1454 463 1553 508 judici
1573 476 1626 497 re-

292 518 494 560 linqueretur
515 522 651 559 potestas
670 515 739 559 ejus
762 515 857 546 fidem
879 521 911 546 et
933 516 1099 547 scientiam
1114 527 1172 559 pro
1189 515 1343 558 religione
1358 528 1413 548 sua
1429 523 1461 548 et
1476 519 1625 561 inspectis

293 571 440 602 omnibus
460 570 633 601 testimonii
656 569 903 601 circumstantiis
926 568 1129 612 expendendi
1155 569 1212 610 (2).

335 625 410 656 Haec
439 630 544 655 tamen
572 623 701 666 regula,
726 622 998 666 quemadmodum
1025 633 1134 654 omnes
1154 633 1226 664 quac
1246 622 1280 652 in
1302 620 1373 665 jure
1393 623 1549 655 criminali
1574 635 1625 656 se-

291 678 436 710 cundum
460 677 588 708 rationis
613 677 770 719 principia
801 676 925 715 valent,
952 677 1043 706 toties
1072 681 1186 713 cessat,
1218 675 1342 716 quoties
1366 682 1502 716 servata,
1529 677 1624 709 saluti

291 739 324 763 et
343 731 505 762 securitati
526 729 664 772 publicae
686 729 864 759 damnosior
887 739 984 770 quam
1004 726 1112 758 utilior
1134 726 1227 758 foret.
1251 727 1328 758 Haec
1350 733 1459 758 autem
1479 731 1623 772 exceptio

293 784 333 815 ad
347 783 506 826 triplicem
523 792 731 824 personarum
748 780 892 812 ordinem
909 786 1043 823 spectat:
1062 782 1110 811 1.0
1125 780 1164 811 ad
1180 781 1380 813 conscientiae
1395 781 1623 823 moderatores,

291 837 408 881 quibus
424 836 578 868 maleficia
595 834 653 866 sub
675 835 777 877 sigillo
794 835 1015 874 confessionis,
1032 840 1069 866 ut
1083 833 1212 874 dicunt,
1229 834 1352 865 fuerint
1369 835 1549 867 concredita
1560 836 1622 879 (3)3

290 893 338 922 2⁰
365 890 404 922 ad
429 901 481 921 eos
507 888 624 932 quibus
647 894 769 919 naturae
795 888 847 919 lex
874 888 944 930 lege
974 887 1058 919 civili
1083 888 1227 930 superior
1254 886 1403 919 adversus
1427 899 1460 919 se
1484 889 1623 921 invicem

291 945 398 977 testari
426 948 529 982 vetat,
556 942 595 973 ad
623 948 788 985 parentes,
819 941 913 982 filios,
944 942 1073 981 fratres,
1105 939 1256 984 conjuges
1280 940 1345 983 (4);
1374 941 1422 972 3.⁰
1452 942 1490 973 ad
1515 953 1624 973 omnes

319 1079 353 1108 (1)
370 1078 414 1101 Les
428 1077 531 1100 temoins
544 1080 599 1099 sont
611 1076 645 1098 les
659 1083 726 1106 yeux
739 1079 762 1098 et
777 1075 811 1098 les
823 1075 918 1099 oreilles
932 1075 961 1099 de
975 1075 999 1098 ta
1014 1074 1107 1104 justice.
1119 1074 1179 1097 -Plus
1195 1078 1254 1097 cette
1270 1073 1346 1097 ve'rite'
1361 1078 1395 1097 est
1406 1074 1623 1104 evidente,·moins

290 1127 322 1142 on
339 1118 434 1146 couooit
450 1125 496 1147 que
512 1118 534 1140 le
551 1117 655 1147 systeme
675 1116 823 1139 d'exclusion
839 1123 884 1146 par
900 1119 1000 1146 rapport
1017 1115 1029 1137 a
1049 1114 1089 1137 des
1109 1114 1193 1137 classes
1209 1113 1362 1136 nombreuses
1379 1114 1407 1137 de
1428 1115 1531 1138 te'moins
1552 1116 1588 1138 ait
1604 1116 1624 1138 si

291 1159 468 1190 generalement
484 1157 594 1187 pre'valu.
611 1156 698 1179 Bentlt.
715 1156 742 1178 L.
760 1164 786 1185 7,
805 1156 875 1186 chap.
895 1163 915 1178 1.

320 1200 353 1229 (2)
369 1199 430 1222 C'est
450 1206 491 1220 sur
511 1198 551 1220 des
569 1197 653 1219 motifs
675 1196 776 1219 frivolos
793 1200 817 1219 et
831 1195 945 1218 absurdos
965 1202 1010 1226 que
1031 1194 1064 1218 les
1080 1194 1125 1217 lois
1144 1193 1306 1217 n'admettent
1326 1200 1355 1216 en
1373 1193 1523 1225 temoignag‘e
1544 1194 1572 1218 ni
1589 1195 1623 1218 les

291 1240 402 1266 semines,
420 1239 434 1261 ὰ
449 1245 517 1260 cause
528 1237 556 1259 de
570 1237 622 1259 leur
635 1236 759 1264 faiblesse,
773 1235 799 1258 ni
815 1236 848 1258 les
859 1236 1018 1263 eoudamne's,
1041 1243 1111 1265 parce
1127 1234 1198 1265 qu’its
1215 1239 1271 1257 sont
1286 1239 1362 1257 morts
1377 1234 1531 1263 civilement‚
1547 1235 1574 1258 ni
1589 1236 1622 1258 les

288 1286 418 1310 ρει-30111105
433 1277 514 1300 notens
531 1275 671 1303 d’insamie,
689 1275 789 1305 puisque
805 1274 865 1297 dans
885 1280 937 1298 tous
954 1282 990 1297 ces
1007 1282 1047 1296 cas
1062 1282 1096 1297 un
1112 1273 1203 1296 temoiu
1220 1278 1278 1304 peut
1293 1274 1344 1297 dire
1363 1274 1387 1297 la
1405 1274 1496 1303 verite,
1512 1275 1621 1305 lorsqu'il

289 1320 332 1343 n'a
347 1326 426 1341 aucun
445 1317 531 1339 inte'ret
548 1317 561 1338 a
579 1315 676 1338 meutir.
695 1316 823 1343 Beccarta,
840 1314 866 1337 C.
883 1314 906 1336 8.

318 1359 352 1388 (3)
368 1357 464 1380 Clariss.
480 1356 556 1379 Haus.
574 1356 586 1385 §
602 1355 654 1377 335.
670 1355 733 1377 arrei.
752 1354 780 1376 de
797 1361 854 1376 cass.
872 1353 904 1376 du
919 1354 947 1375 50
963 1353 1092 1375 novembre
1115 1353 1182 1381 1810,
1203 1351 1266 1382 apud
1285 1352 1318 1375 Le
1333 1351 1409 1375 Grav.
1431 1352 1461 1375 T.
1479 1360 1503 1381 1,
1524 1352 1551 1375 Ρ.
1568 1354 1621 1377 232.

288 1398 392 1428 (annote'
408 1397 469 1419 dans
486 1395 586 1424 Paillet,
601 1402 656 1417 sous
669 1394 734 1416 l'art.
751 1402 779 1424 79
792 1393 825 1416 du
842 1392 906 1415 Code
924 1392 1023 1414 d'lnstr.
1039 1392 1124 1420 erim.)

318 1439 353 1461 La
366 1437 400 1460 loi
414 1436 456 1467 qui
472 1435 582 1458 rendi-ait
597 1435 621 1457 la
635 1433 773 1463 deposition
789 1433 822 1456 du
840 1434 919 1463 pretre
933 1431 1115 1462 coxnraignable
1125 1437 1156 1453 ou
1170 1430 1292 1454 recevable
1306 1430 1398 1458 aurait,
1414 1430 1474 1452 dans
1483 1438 1508 1452 sa
1521 1435 1619 1459 nature,

288 1477 361 1501 l'effet
378 1477 449 1500 d'une
463 1476 498 1499 toi
511 1475 610 1506 penale,
629 1474 685 1505 qui,
704 1481 765 1504 pour
776 1473 810 1496 les
826 1480 864 1496 cas
886 1473 919 1495 les
937 1472 992 1503 plus
1009 1472 1156 1502 importants
1174 1475 1197 1494 et
1215 1470 1438 1501 particulierement
1452 1478 1514 1501 pour
1532 1471 1565 1494 les
1583 1479 1621 1494 cae

287 1518 423 1545 criminels,
440 1516 580 1540 interditait
594 1515 715 1538 t'exereice
733 1515 761 1538 de
777 1515 800 1537 la
815 1513 966 1542 confession,
984 1513 1087 1544 puisque
1101 1511 1234 1535 l'individu
1249 1511 1291 1542 qui
1307 1519 1330 1534 se
1348 1511 1420 1534 serait
1437 1511 1542 1534 confesse
1560 1511 1620 1534 d'uu

287 1559 360 1582 crime
376 1556 531 1587 s‘exposerait
546 1556 558 1578 ἐι
575 1556 600 1578 la
615 1554 754 1578 conviction
771 1562 815 1585 par
830 1554 853 1577 le
869 1554 1019 1584 temoignage
1036 1553 1068 1575 du
1086 1553 1173 1583 pretre.
1190 1551 1276 1575 Reum.
1293 1552 1320 1574 L.
1338 1560 1365 1582 7,
1377 1551 1448 1581 ehap.
1464 1559 1486 1581 9.

316 1599 349 1629 (4)
367 1598 421 1622 Art.
437 1598 481 1620 322
499 1597 531 1619 du
548 1596 611 1619 Code
627 1596 725 1619 d‘lnstr.
742 1595 816 1618 Crim.
834 1595 862 1617 L⁴
878 1595 905 1623 6,
922 1594 948 1617 C.
964 1594 992 1616 de
1007 1598 1060 1616 test.

318 1638 450 1667 Bentſtrzm,
464 1638 492 1660 L.
506 1645 528 1666 7.
544 1637 622 1667 capite
642 1643 676 1658 ιο.
692 1635 766 1658 etiam
782 1635 905 1666 conjuges,
925 1639 1047 1665 parentes,
1067 1632 1154 1656 liberos
1169 1632 1200 1655 ad
1219 1632 1385 1655 testimonium
1397 1631 1511 1655 adversus
1521 1639 1544 1654 se
1558 1632 1620 1655 invi-

287 1687 336 1703 cem
353 1678 483 1702 dicendum
501 1677 600 1700 admitti
617 1676 683 1704 vum
702 1675 742 1698 sed
756 1682 894 1706 perperam,
911 1679 939 1697 ut
955 1682 996 1705 ego
1011 1672 1133 1696 existimo.
1151 1673 1216 1695 Nam
1231 1676 1273 1694 aut
1288 1672 1397 1695 volentes
1415 1676 1457 1694 aut
1467 1672 1544 1694 coacti
1556 1672 1619 1695 testi-

286 1719 398 1741 monium
417 1718 500 1741 dicant
519 1724 611 1740 necesse
628 1720 671 1739 est.
693 1716 717 1738 Si
735 1715 825 1744 coacti,
844 1714 928 1737 electio
948 1714 998 1736 iuis
1020 1713 1105 1741 datur,
1129 1717 1211 1735 utrum
1229 1716 1323 1735 naturae
1339 1712 1394 1741 jum
1415 1719 1446 1734 au
1466 1711 1617 1744 conscientia

286 1760 362 1790 legem
377 1760 456 1783 velint
472 1758 617 1789 infringere,
637 1762 719 1780 utrum
735 1765 802 1780 arma
818 1760 902 1779 contra
917 1763 955 1778 eos
971 1763 1030 1786 quos
1046 1755 1110 1777 Deus
1127 1753 1213 1783 cuique
1228 1752 1362 1776 carissimos
1377 1752 1434 1775 fecit
1451 1752 1565 1781 praebere,
1583 1758 1616 1773 au

287 1799 376 1821 falsum
393 1799 444 1822 veri
458 1798 555 1822 dicendi
568 1802 744 1821 sacramentum
759 1797 830 1820 serre.
848 1797 873 1820 Si
886 1796 1006 1824 volentes,
1024 1795 1130 1825 ipsorum
1145 1792 1311 1817 testimonium
1328 1799 1377 1814 uun
1392 1796 1506 1822 tauquam
1524 1797 1616 1820 suspec-

288 1845 353 1868 tum,
370 1839 409 1862 sed
425 1843 540 1869 tauquam
556 1843 718 1861 monstrosum
732 1846 745 1860 a
760 1838 818 1869 legis
836 1838 960 1866 majestate
974 1836 1057 1867 procul
1072 1834 1209 1857 submoveri
1224 1833 1326 1856 deberet.

317 1879 380 1909 Quia
395 1879 459 1908 apud
477 1879 599 1901 Romanos
614 1883 730 1908 patronus
743 1886 797 1909 erga
813 1877 928 1900 libertum
942 1877 1049 1907 parentis
1064 1876 1116 1898 loco
1129 1875 1220 1903 stabat,
1239 1873 1354 1896 statuitur
1367 1878 1408 1901 per
1423 1871 1468 1900 leg.
1490 1878 1529 1898 12,
1546 1870 1572 1892 C.
1587 1870 1615 1893 de

288 1923 340 1942 test.
360 1927 373 1940 α
384 1918 536 1941 Libertorum
554 1918 667 1940 adversus
683 1923 796 1948 pun-onos
812 1917 910 1940 illicitas
928 1921 1000 1947 atque
1018 1916 1139 1946 improbas
1156 1921 1226 1937 voces
1240 1920 1316 1943 poeuae
1333 1910 1466 1939 oblectione
1484 1910 1612 1940 praecludi:

288 1968 299 1979 ι
317 1963 387 1989 atque
403 1958 449 1985 ita,
468 1961 494 1980 ut
509 1964 559 1979 11011
576 1957 728 1980 solummodo
741 1962 825 1988 sponte
843 1958 940 1988 prodire
953 1965 1003 1980 11011
1017 1957 1135 1983 audeant,
1151 1955 1190 1977 sed
1206 1961 1236 1976 ne
1253 1952 1332 1975 vocati
1347 1951 1444 1981 quidem
1457 1951 1481 1973 in
1496 1950 1613 1979 judicium

288 2008 299 2020 υ
317 1999 399 2023 venire
411 2002 557 2029 cogantur».
