1763 2511
888 170 1007 212 (44)

283 248 327 278 ΙΚ
353 246 484 277 directio
506 244 586 276 radii
609 244 777 275 incidentis
798 248 868 286 post
888 242 1129 283 refractionem3
1152 243 1191 274 sit
1211 244 1251 274 IL
1269 243 1435 286 productio
1456 245 1533 276 radii
1552 246 1609 285 IK,

283 307 314 332 et
339 299 475 332 ducatur
500 299 605 331 radius
630 298 681 331 vel
704 297 854 329 normalis
879 296 929 327 CI.
953 296 1047 327 Sinus
1063 296 1256 339 angulorum
1281 297 1350 327 AIC
1372 303 1404 328 et
1428 298 1512 337 LIC,
1529 299 1611 330 inci—

281 353 396 384 dentiae
415 353 535 384 scilicet
559 358 591 383 et
611 352 823 395 refracti-onis,
849 361 881 381 se
902 348 1021 380 habent
1040 360 1165 392 semper
1189 350 1272 380 inter
1287 360 1319 380 se
1338 350 1371 380 in
1389 351 1509 380 ratione
1526 350 1607 381 data.

280 406 612 439 Animadvertendum
643 412 690 436 est
719 410 875 447 praeterea
905 403 1039 446 angulos
1070 414 1195 445 semper
1227 402 1371 446 ejusdem
1399 414 1464 434 esse
1495 403 1613 434 debere

279 461 412 502 speciei,
439 461 459 490 i.
482 471 528 499 e.‚
556 459 662 490 ambos
690 464 798 489 acutos
822 457 874 490 vel
897 456 1004 487 ambos
1024 456 1150 487 obtusos
1176 467 1241 487 esse
1260 457 1366 488 simul.

324 513 492 556 Capiatur,
518 514 552 543 in
579 512 753 543 directione
776 516 870 541 rectae
898 510 969 549 CA,
1005 515 1163 552 punctum
1187 509 1213 539 B
1238 509 1317 548 tale,
1356 516 1389 540 ut
1418 509 1611 552 productum

279 567 332 598 CA
353 578 410 610 per
435 567 486 597 CB
506 566 652 608 adaequet
675 564 868 607 quadratum
891 563 972 594 radii
995 563 1055 602 CI,
1081 563 1132 595 vel
1159 563 1208 593 Cd
1221 574 1227 592 t
1257 563 1378 605 trigona
1401 563 1469 593 CAI
1493 570 1525 594 et
1544 564 1612 594 CIB

416 642 421 648 .
462 642 491 648 ..
581 623 588 631 ‘
674 619 714 646 IA
807 616 858 645 CA
965 640 971 645 .
1021 616 1061 644 IA
1123 638 1128 643 .
1168 638 1206 643 ..
1258 649 1265 655 ⁸
1428 649 1432 654 1

279 648 375 673 erunt
399 641 531 682 S1m1l1a‚-
563 641 649 673 unde
674 660 719 695 I-B—
743 655 781 670 =
809 652 883 694 &3
914 646 994 672 ratio
1023 657 1059 693 I—B-
1085 644 1146 669 erit
1165 643 1258 680 igitui
1290 643 1445 669 constans.
1468 639 1610 670 Ponatur

278 717 387 758 itaque
807 758 848 785 IA

941 767 960 784 a

807 798 847 834 ΓΒ
877 793 916 808 =
938 797 967 832 ἵ

277 871 309 896 et
334 876 374 896 ex
398 864 558 907 triangulo
584 864 654 895 CAI
677 870 826 896 nascetur

673 927 717 954 sin
727 926 792 963 CIA
888 925 938 954 CA
965 962 1003 967 —
1041 927 1082 955 ΙΑ
1184 936 1203 953 a

674 963 862 1004 siuCA1=
886 967 940 1003 'Cl‘'
965 972 1002 977 —
1030 961 1158 1002 ff:
1185 968 1221 1003 l—J'

320 1034 352 1064 Si
372 1039 532 1076 punctum
549 1034 576 1064 A
596 1034 639 1064 ita
660 1035 800 1076 positum
821 1040 884 1072 est,
904 1034 1026 1064 ratione
1049 1032 1157 1064 habita
1178 1033 1216 1064 ad
1235 1033 1436 1075 superficiem
1454 1033 1614 1066 dirimen-

276 1115 358 1148 tem,
382 1114 420 1139 ut
439 1109 518 1139 ratio
540 1085 593 1131 Q
627 1108 774 1150 adaequet
801 1109 957 1138 rationem
995 1118 1092 1149 quam
1117 1107 1213 1138 habet
1244 1109 1331 1140 sinus
1360 1108 1542 1140 incidentiae
1569 1109 1612 1141 acl

549 1134 589 1162 CI.

276 1184 364 1214 sinus
398 1183 613 1222 refractionis⁷
637 1181 777 1212 formula
807 1181 900 1212 modo
925 1180 1053 1212 obtenta
1077 1181 1213 1212 ostendit
1237 1182 1394 1224 angulum
1411 1183 1610 1214 refractionis

275 1236 344 1266 fore
378 1235 463 1274 CIB,
495 1235 623 1277 quando
653 1234 790 1277 angulus
824 1233 1008 1263 incidentiae
1034 1234 1096 1263 erit
1128 1233 1212 1272 CIA,
1239 1233 1412 1265 dummodo
1444 1241 1551 1266 tamen
1575 1235 1611 1266 hi

276 1288 386 1331 anguli
411 1288 555 1332 ejusdem
575 1289 637 1319 sint
658 1289 784 1330 speciei.
811 1286 888 1317 Haec
914 1285 1053 1316 conditio
1077 1296 1142 1316 non
1163 1285 1375 1328 adimpletur,
1409 1287 1469 1317 nisi
1503 1298 1610 1329 punc-

276 1347 347 1372 tum
371 1341 386 1371 I
413 1340 504 1371 cadat
523 1342 556 1371 in
578 1352 655 1372 arcu
673 1340 738 1380 3D,
764 1340 975 1371 determinato
993 1339 1027 1370 in
1051 1339 1171 1370 circulo
1190 1339 1262 1372 AD&
1284 1351 1341 1382 per
1361 1340 1610 1382 perpendicula-

274 1405 344 1425 rem
364 1395 420 1425 AD
437 1395 476 1426 ad
498 1395 567 1433 CA,
583 1394 663 1439 (fig.
685 1395 741 1437 19)
764 1394 815 1425 vel
826 1404 884 1436 per
900 1398 1083 1434 tangentem
1096 1392 1151 1422 AD
1173 1392 1252 1434 (fig.
1276 1403 1335 1429 20,
1358 1403 1392 1423 21
1410 1393 1437 1434 ),
1455 1394 1562 1434 prouti
1581 1395 1610 1424 A

276 1453 364 1478 extra
391 1447 443 1479 vel
461 1448 545 1478 intra
575 1447 731 1478 circulum
753 1448 894 1489 ponitur.
921 1446 1018 1476 Casus
1038 1444 1091 1475 hic
1112 1444 1272 1487 specialis,
1298 1445 1332 1475 in
1356 1456 1420 1486 quo
1440 1445 1520 1476 radii
1540 1452 1610 1488 post

275 1501 500 1531 refractionem
532 1501 567 1531 in
595 1506 716 1542 puncto
743 1501 839 1530 unico
877 1503 1016 1536 coeunt,
1051 1496 1115 1540 jam
1144 1508 1240 1539 supra
1272 1497 1306 1528 in
1341 1497 1609 1529 demonstratione

273 1554 461 1584 Professoris
486 1553 526 1584 cle
550 1554 585 1583 la
612 1554 716 1590 Rima,
746 1564 842 1595 quam
865 1552 1089 1594 exposuimUS,
1117 1556 1246 1581 notatus
1265 1550 1339 1582 fuit.

319 1607 366 1638 Ut
404 1607 534 1650 quaestio
565 1618 661 1649 quam
698 1608 836 1637 maxime
868 1604 1059 1648 generaliter
1094 1603 1248 1643 solvatur,
1284 1609 1397 1646 agatur
1426 1604 1608 1647 peripheria

275 1670 333 1701 per
364 1660 424 1691 tria
454 1666 574 1702 puncta
611 1661 654 1698 A,
687 1659 713 1691 B
747 1665 779 1691 et
814 1660 849 1697 I3
886 1658 955 1689 haec
986 1656 1166 1700 peripheria
1193 1655 1312 1687 secabit
1352 1662 1471 1687 rectam
1501 1657 1541 1687 IL
1572 1658 1607 1688 in

275 1718 395 1753 puncto
421 1713 481 1743 alio
504 1713 552 1749 M,
578 1719 611 1743 et
635 1712 674 1743 ob
698 1712 884 1744 relationem
905 1723 999 1753 supra
1021 1710 1155 1753 positam
1179 1709 1242 1740 CA.
1274 1709 1326 1740 CB
1343 1723 1382 1737 =
1400 1701 1465 1748 (Τ,
1488 1709 1527 1739 CI
1545 1710 1607 1740 erit

275 1770 409 1807 tangens
427 1767 462 1796 in
481 1767 505 1797 I.
532 1767 587 1797 His
607 1767 728 1809 positiS,
754 1767 841 1797 sinus
859 1764 1053 1808 angulorum
1078 1762 1147 1793 CIA
1165 1768 1197 1793 et
1222 1761 1295 1793 CIM
1320 1762 1528 1793 formatorum
1547 1772 1606 1804 per

274 1823 458 1860 tangentem
484 1819 524 1849 CI
548 1831 622 1850 cum
644 1819 769 1850 chordis
793 1820 836 1851 ΙΑ
857 1825 890 1850 et
911 1818 975 1858 ΙΜ,
994 1829 1027 1849 se
1047 1815 1213 1847 habebunt
1234 1817 1282 1847 uti
1303 1815 1428 1847 chordae
1444 1815 1494 1846 hae
1516 1815 1602 1857 ipsae.

1053 1869 1094 1897 IA
1189 1878 1209 1896 a

272 1892 311 1923 sit
330 1880 353 1946 Ξ
376 1893 454 1923 ratio
474 1892 544 1923 data
559 1893 675 1925 horum
695 1895 840 1935 sinuum;
856 1895 917 1926 erit
931 1894 1030 1937 igitur
1053 1911 1099 1947 Ι-Νῑ
1124 1904 1163 1920 =
1188 1910 1208 1945 ἕ
1221 1915 1229 1931 ,
1261 1891 1304 1921 ita
1330 1895 1367 1921 ut
1389 1895 1452 1920 tres
1477 1888 1606 1922 chordae

272 1966 330 2007 IA,
354 1966 394 1998 IB
416 1972 447 1998 et
469 1966 517 1999 IM
537 1968 688 2000 continuo
707 1970 956 2012 proportionales
975 1970 1039 2001 sint
1062 1968 1109 2001 adr
1122 1972 1186 1998 tres
1206 1971 1385 1999 constantes
1406 1976 1448 2002 a,
1472 1965 1509 2002 b,
1534 1976 1570 1996 c..
