1763 2511
817 154 956 195 (¹46)

219 235 271 266 alii
296 244 354 265 nec
381 232 495 277 judicis
517 230 662 269 arbitrio,
686 240 745 261 nec
770 228 847 272 legis
864 228 1024 271 asperitati
1044 234 1077 259 et
1099 229 1195 272 rigori
1218 229 1311 272 plane
1333 231 1545 272 confidentes,

218 288 358 320 medium
387 293 419 318 et
439 285 569 329 quidem
595 284 812 315 acutissimum
832 282 992 325 quoddam
1016 283 1239 325 excogitarunt
1258 283 1462 326 legislationis
1478 296 1547 328 sys-

218 349 299 373 tema
309 365 317 380 ,
333 352 397 383 quo
411 341 443 371 in
460 337 714 383 probationibus,
727 339 808 369 sicut
822 338 855 368 in
868 337 991 380 poeniS,
1005 338 1177 367 minimum
1193 337 1322 380 aliquod
1338 343 1549 378 statueretur,

219 396 300 426 insra
322 394 408 437 quod
424 393 521 438 judex
539 392 702 424 neminem
721 396 824 434 posset
840 390 1051 421 condemnare
1063 414 1071 429 ,
1087 396 1119 421 et
1135 392 1336 428 maximum,
1362 391 1443 423 ultra
1464 391 1551 435 quod

217 459 379 480 neminem
406 447 589 487 absolvere3
611 447 645 477 in
678 444 782 476 medio
808 450 915 475 autem
941 450 1064 475 certum
1091 445 1120 476 ei
1148 445 1385 487 relinqueretur
1412 447 1550 489 spatium

216 505 249 533 in
270 513 333 545 quo
350 501 517 532 arbitrium
537 511 633 532 suum
652 498 752 530 libere
772 503 956 537 exerceret,
980 503 1013 528 et
1036 509 1148 538 reum,
1168 505 1264 541 prout
1282 499 1339 529 sibi
1363 500 1546 539 videretur,

220 556 271 588 vel
294 555 521 587 condemnaret
541 554 591 586 vel
613 553 800 586 absolveret.

263 611 345 642 Hinc
365 610 509 649 videtur,
532 608 691 652 quomodo
710 608 779 639 haec
799 612 966 650 systemata
986 607 1068 637 inter
1090 617 1122 636 se
1143 605 1311 646 differant3
1331 607 1385 638 sed
1403 608 1550 638 omnibus

218 665 283 695 istis
305 664 501 707 principium
527 672 697 693 commune
721 667 767 692 est
784 660 942 703 principio
963 659 1041 701 legis
1058 658 1219 689 hodiernae
1235 660 1446 699 contrarium,
1462 661 1549 703 quod

217 718 374 762 judicium
400 718 477 748 facti
497 716 611 759 judicis
638 714 838 745 conscientiae
863 718 894 742 et
917 712 1046 742 arbitrio
1067 723 1131 742 non
1153 713 1239 742 omni
1262 723 1302 743 ex
1322 718 1412 755 parte
1432 714 1472 743 sit
1496 725 1550 744 re-

219 770 431 814 linquendum
446 794 454 809 ,
476 769 529 800 sed
549 768 652 811 quod,
674 773 711 799 ut
731 768 774 798 ait
795 766 942 797 Cremani
963 764 1017 807 (C.
1042 767 1099 804 18,
1122 765 1137 807 ᾗ
1163 766 1242 807 15),
1264 765 1344 797 illud
1363 766 1550 806 arbitrium,

218 826 307 856 illam
333 824 558 855 conscientiam
584 822 720 866 publicis
740 820 884 864 legibus,
905 820 994 862 quasi
1016 819 1204 862 quibusdam
1221 819 1375 859 vinculis,
1395 821 1553 851 constrin-

220 890 294 922 gere
319 883 480 921 oporteat,
506 883 544 908 ut
571 877 795 919 unusquisque
824 875 965 906 criminis
991 875 1133 916 primum
1163 875 1196 904 in
1224 873 1342 917 judicio
1365 875 1551 914 arcessitus,

220 932 293 964 dein
316 944 333 962 a
353 931 424 974 lege
443 931 548 973 potius
571 941 667 972 quani
688 941 704 960 a
724 928 831 973 judice
853 929 1059 971 pronunciari
1088 928 1251 960 convictus
1275 938 1349 959 reus
1370 933 1548 959 censeatur.

219 984 313 1025 Quod
332 985 357 1015 si
377 985 486 1027 itaque
511 983 593 1015 illud
623 984 818 1026 principium
844 983 996 1026 probetur
1025 982 1159 1021 salsum,
1188 983 1293 1013 omnia
1319 987 1486 1025 systemata
1510 993 1548 1013 eo

219 1045 434 1082 superstructa
458 1044 554 1070 ruant
578 1049 704 1070 necesse
730 1044 798 1078 est,
824 1049 922 1081 quam
951 1048 1010 1080 ego
1037 1036 1256 1080 probationem
1286 1036 1319 1066 in
1348 1035 1547 1079 paragrapho

222 1093 428 1137 subsequenti
454 1093 635 1135 suscipiam.

827 1205 850 1248 g
885 1206 938 1236 80.

222 1305 466 1337 Probationum
493 1303 654 1345 legalium
679 1307 826 1343 systema
849 1311 871 1330 a
886 1298 1033 1340 judiciis
1050 1310 1191 1339 prorsas
1217 1310 1289 1329 esse
1309 1298 1549 1329 removendam.

269 1419 447 1461 Antequam
470 1415 649 1454 videamus,
665 1426 705 1445 an
720 1411 943 1456 probationum
965 1410 1117 1453 legalium
1133 1415 1266 1452 systema
1284 1408 1335 1440 vel
1349 1407 1530 1440 absolutum
1543 1434 1551 1448 ,

226 1473 276 1506 vel
300 1470 523 1515 quoquomodo
554 1474 788 1512 temperatum,
820 1465 998 1497 secundum
1021 1469 1140 1495 rectam
1164 1464 1317 1494 rationem
1340 1462 1437 1505 possit
1455 1463 1489 1492 in
1504 1461 1550 1505 ju-

226 1526 314 1557 diciis
335 1525 475 1564 admitti,
492 1534 618 1555 necesse
629 1528 692 1561 est,
708 1527 746 1553 ut
758 1520 847 1551 nobis
867 1520 901 1550 iu
918 1519 1061 1550 animum
1074 1528 1275 1556 revocemuS,
1293 1517 1326 1547 in
1341 1528 1439 1559 quem
1455 1517 1552 1548 finem

225 1579 287 1610 illae
307 1578 506 1621 probationes
527 1576 565 1608 ab
587 1577 624 1607 iis
645 1576 700 1618 qui
722 1573 846 1606 easdem
868 1577 1067 1615 proponunt,
1092 1571 1154 1602 sint
1174 1570 1311 1601 directae.
1332 1571 1417 1601 Finis
1439 1577 1547 1602 autem

222 1632 278 1663 ille
301 1632 353 1663 hic
379 1637 440 1670 est,
470 1637 506 1662 ut
535 1641 628 1661 omne
658 1629 826 1660 arbitrium
852 1639 868 1658 a
895 1626 1020 1670 judiciis
1045 1630 1247 1656 removeatur
1272 1630 1304 1655 et
1334 1635 1375 1655 ne
1405 1623 1550 1667 judicum

226 1686 394 1728 iniquitate
413 1684 463 1716 vel
484 1683 642 1726 imperitia
655 1706 663 1722 ,
687 1688 743 1714 aut
759 1681 911 1712 delictum
933 1679 1045 1711 evadat
1060 1680 1127 1710 sine
1142 1689 1256 1721 poena,
1280 1683 1336 1708 aut
1355 1688 1449 1720 poena
1469 1678 1554 1707 irro—

229 1745 321 1780 getur
337 1740 404 1769 sine
421 1737 545 1769 delicto.
569 1737 639 1768 Jam
655 1742 763 1768 autem
778 1735 852 1767 inde
867 1745 1062 1777 consequeus
1078 1739 1139 1771 est,
1157 1732 1355 1776 probationes
1373 1731 1461 1762 nulla
1482 1731 1552 1773 lege

355 1805 1556 1818 Μ

230 1849 428 1879 tranquillement
441 1850 525 1879 aupres
543 1850 582 1872 des
600 1853 671 1872 restes
689 1848 718 1871 de
736 1856 760 1870 sa
778 1848 860 1878 proie,
878 1855 932 1870 sans
951 1847 998 1869 c'tre
1019 1845 1135 1875 coupable
1154 1845 1183 1867 dc
1202 1852 1227 1867 sa
1250 1844 1407 1867 destruction.
1423 1843 1444 1865 11
1461 1849 1553 1867 :Noun

230 1889 290 1912 mais
307 1897 338 1911 ne
353 1889 502 1911 Favez-vous
519 1897 560 1919 pas
578 1889 614 1912 dit
632 1890 797 1916 vous<menic‚
816 1888 836 1910 le
855 1887 908 1917 juge
928 1894 957 1908 ne
978 1886 1030 1908 doit
1048 1885 1109 1908 tenir
1128 1892 1205 1907 aucun
1224 1888 1319 1914 compte
1337 1883 1366 1906 de
1386 1883 1478 1907 l'aveu3
1501 1884 1554 1904 c'est

230 1937 263 1951 uu
280 1928 413 1959 &ductique
431 1929 472 1959 qni
490 1929 519 1950 I'a
537 1930 665 1958 pronoucd.
688 1929 767 1952 Dieu!
785 1926 933 1950 faudra—t-il
955 1927 1039 1955 rejeter
1059 1929 1119 1948 cette
1141 1925 1192 1946 bete
1215 1923 1293 1946 se'roce
1315 1923 1374 1945 dans
1398 1922 1421 1944 la
1446 1922 1554 1943 societ-1⁴³

231 1968 341 1992 Veut-ou
358 1967 418 1990 faire
436 1968 465 1991 de
482 1972 541 1991 cette
559 1973 618 1992 terre
633 1976 680 1992 une
695 1970 780 1997 arene,
800 1976 832 1991 un
849 1968 930 1998 cirque
946 1967 974 1990 de
993 1966 1139 1997 gladiateurs
1150 1965 1160 1981 ⁷
