1820 2568
918 191 934 234 (
961 191 999 223 ¹6
1020 190 1037 235 )

314 274 368 315 qui
394 271 468 301 belli
493 276 635 311 tempore
666 267 744 299 duas
771 266 956 310 reipublicae
992 265 1251 309 suppeditaverat
1281 266 1426 297 triremes
1469 265 1641 299 admodum

313 324 483 367 expeditas.

357 379 433 408 Erat
457 377 540 407 inter
566 376 639 405 istos
665 374 764 404 XXX
791 380 860 405 tum
891 374 1099 412 auctoritate,
1130 379 1199 404 tum
1220 373 1317 404 feroci
1342 373 1472 404 audacia
1494 373 1641 416 princeps

314 431 425 462 Critias
441 430 499 471 (1).
526 428 584 459 Hic
606 429 710 470 primo
727 427 857 470 quidem
873 432 1015 468 tempore
1032 425 1189 469 ejusdem,
1205 437 1267 468 qua
1289 420 1519 465 Theramenes,
1536 427 1643 457 fuerat

313 484 491 522 sententiae,
518 483 613 524 eique
640 481 824 520 familiaris,
855 485 1058 522 posteaquam
1084 490 1159 511 vero
1189 491 1307 521 pronus
1336 490 1401 510 esse
1432 480 1583 521 coepisset
1607 480 1641 510 in

312 538 457 580 plurium
480 535 597 567 caedem
623 535 710 576 (erat
731 535 816 565 enim
838 532 1022 575 inexplebili
1046 533 1078 562 in
1100 532 1256 574 populum
1278 532 1365 572 odio,
1391 533 1511 575 quippe
1536 544 1642 574 quou-

313 591 385 621 dam
410 589 449 620 ab
473 589 534 620 hoe
561 588 670 620 exsilio
693 586 848 632 ejectus),
883 587 912 617 ei
943 586 1101 616 restiterat
1126 585 1362 624 Theramenes,
1395 586 1522 625 dicens,
1554 586 1641 617 haud

313 655 440 686 aequum
467 653 532 673 esse
555 642 696 672 interimi
721 641 805 679 illos,
832 651 910 682 quos
931 639 1051 669 honore
1073 638 1211 669 afficeret
1231 639 1386 681 populus,
1417 639 1538 681 quique
1559 639 1641 669 nihil

314 697 389 727 mali
414 697 447 726 111
473 696 640 738 optimates
664 694 904 725 commisissent:
924 704 998 723 nam
1023 698 1056 723 et
1079 703 1158 734 ego,
1186 692 1245 731 ait,
1274 698 1305 722 et
1328 698 1381 731 tu,
1411 691 1511 723 multa
1530 692 1641 734 populi

313 751 412 793 gratia
439 756 471 780 et
495 749 633 780 diximus
668 754 700 778 et
723 748 869 778 fecimus.
906 746 947 776 At
970 746 1045 784 ille,
1081 745 1282 775 Theramene
1311 744 1510 775 familiariter
1534 745 1641 776 adhuc

312 809 421 840 utens,
447 813 511 832 non
536 802 603 831 fieri
623 811 712 842 posse
734 798 960 840 respondebat,
988 798 1067 838 quin
1085 797 1149 833 illi,
1175 797 1230 837 qui
1254 798 1394 837 potentia
1420 798 1562 828 eminere
1583 809 1643 829 cu—

310 860 443 897 perent,
467 864 485 884 e
507 852 610 883 medio
636 851 747 882 tollere
767 860 895 881 necesse
923 848 1080 880 haberent
1105 860 1172 887 005,
1203 849 1260 891 qui
1282 849 1461 891 plurimum
1482 850 1557 892 ipsis
1585 850 1643 881 ob—

311 909 419 938 sistere
440 911 577 949 possent.
603 903 723 943 Quodsi
749 903 925 941 existimas,
951 903 1077 944 inquit,
1104 901 1238 941 idcirco,
1265 902 1351 944 quod
1372 914 1438 933 non
1460 914 1562 941 unus,
1589 904 1644 934 sed

311 961 440 1003 triginta
465 970 593 997 sumus,
622 959 728 988 minus
755 968 812 987 nos
838 955 877 986 de
906 955 1026 986 tuendo
1051 955 1112 985 hoc
1139 956 1291 998 imperio,
1321 967 1419 998 quam
1446 956 1484 987 de
1513 968 1642 988 conser—

312 1013 414 1046 vanda
438 1011 605 1055 tyrannide
628 1010 775 1040 sollicitos
807 1020 873 1039 esse
899 1015 1061 1051 oportere,
1086 1020 1135 1039 11ae
1161 1015 1198 1039 tu
1223 1009 1338 1051 desipis
1358 1010 1416 1051 (2).
1460 1010 1531 1040 Jam
1552 1022 1641 1050 vero,

312 1067 422 1098 multis
446 1065 564 1109 injuste
589 1069 723 1094 mortem
747 1061 988 1104 oppetentibus,
1015 1073 1090 1093 cum
1115 1060 1225 1100 multi,
1255 1062 1342 1103 paria
1363 1062 1421 1092 sibi
1443 1069 1641 1103 metuentes,

311 1120 416 1162 palam
441 1119 578 1157 coirent,
605 1122 636 1147 et
658 1116 696 1146 de
721 1114 884 1158 republica
910 1115 988 1157 quid
1012 1116 1162 1147 futurum
1185 1121 1279 1153 esset,
1304 1116 1515 1153 mirarentur,
1534 1127 1643 1147 rursus

311 1172 543 1209 Theramenes,
562 1181 626 1199 11011
643 1169 709 1199 fieri
730 1180 835 1211 posse,
860 1168 978 1207 aiebat,
1004 1174 1042 1199 ut
1062 1168 1234 1210 oligarchia
1260 1168 1408 1207 duraret,
1437 1169 1496 1199 nisi
1520 1175 1565 1199 tot
1586 1180 1643 1200 ve-

312 1223 473 1255 nientibus
497 1224 530 1253 111
556 1223 737 1253 societatem
763 1221 946 1263 reipublicae
976 1221 1144 1264 gerendae,
1177 1227 1256 1264 quot
1283 1233 1331 1252 res
1360 1229 1514 1264 posceret.
1554 1224 1643 1254 Hanc

312 1276 521 1307 Theramenis
552 1274 765 1305 hortationem
798 1285 861 1304 non
897 1274 1067 1317 neglexere
1104 1275 1205 1304 XXX
1238 1276 1382 1317 tyranni,
1420 1276 1449 1306 ei
1481 1287 1554 1307 vero
1579 1287 1643 1307 non

314 1329 426 1360 eodem
454 1328 577 1367 animo,
603 1326 780 1369 eodemque
804 1327 951 1367 consilio,
977 1339 1041 1369 quo
1062 1334 1218 1366 suaserat,
1242 1327 1514 1359 auscultaverunt.
1540 1330 1587 1360 Ex
1607 1341 1644 1361 eo

312 1382 398 1412 enim
418 1387 577 1423 tempore,
596 1379 653 1410 sibi
675 1380 738 1422 jam
760 1386 956 1420 metuentes,
980 1381 1136 1423 imprimis
1157 1386 1263 1411 autem
1282 1380 1321 1411 ab
1341 1382 1408 1423 ipso
1426 1381 1642 1421 Theramene,

312 1445 353 1465 ne
374 1434 413 1465 ad
434 1445 513 1465 eum
536 1433 734 1464 confluerent
760 1434 864 1473 cives,
895 1435 953 1465 tria
978 1434 1078 1465 millia
1100 1434 1219 1465 civium
1247 1434 1431 1477 elegerunt,
1457 1436 1513 1477 qui
1534 1447 1642 1467 rerum

313 1487 526 1529 gerendarum
552 1492 655 1517 essent
676 1487 861 1528 participeS,
890 1493 922 1517 et
949 1487 1086 1518 formam
1107 1487 1261 1527 civitatis,
1289 1487 1329 1518 ab
1349 1488 1425 1530 ipsis
1445 1489 1642 1528 institutam,

313 1539 526 1570 defenderent
548 1539 605 1580 (3).
651 1539 725 1576 Quo
755 1539 839 1569 facto
862 1539 1077 1570 Theramenes
1104 1541 1222 1570 iterum
1248 1539 1348 1579 dixit,
1382 1540 1439 1571 sibi
1469 1541 1644 1572 absurdum

312 1593 430 1630 videri,
459 1591 564 1634 quod,
593 1603 695 1634 quum
721 1591 760 1622 ab
784 1592 875 1621 initio
901 1593 1036 1634 optimos
1059 1603 1202 1634 quosque
1229 1593 1349 1624 civium
1378 1593 1563 1635 reipublicae
1586 1594 1645 1625 ad-

315 1645 529 1675 ministranda:
553 1645 722 1687 participes
744 1644 849 1675 facere
871 1644 1061 1684 voluissent,
1088 1656 1175 1676 nunc
1201 1650 1250 1676 ter
1275 1645 1362 1677 mille
1388 1646 1560 1689 elegerint,
1586 1658 1645 1689 pe-

314 1698 405 1728 rinde
431 1709 466 1727 ae
499 1699 523 1727 si
549 1698 580 1727 in
605 1709 641 1728 eo
666 1709 801 1729 numero
827 1698 1019 1728 necessitatis
1044 1697 1165 1740 aliquid
1187 1698 1322 1738 inesset,
1355 1705 1391 1730 ut
1420 1710 1526 1741 neque
1555 1705 1643 1730 extra

315 1762 391 1781 eum
416 1749 491 1780 boni
515 1749 684 1792 probique,
710 1761 770 1781 nec
797 1751 879 1781 intra
905 1751 1044 1782 eundem
1069 1750 1206 1793 improbi
1230 1762 1295 1782 esse
1318 1758 1455 1794 possent.
1485 1752 1644 1784 Praeterea

375 1862 528 1892 (1)Pl(l!01
551 1862 577 1884 ίΙῑ
600 1862 740 1891 Charmide,
762 1868 779 1886 t.
799 1866 833 1892 1.,
849 1872 874 1894 p.
898 1865 955 1891 311,
980 1863 1016 1886 ed.
1038 1864 1062 1886 J.
1081 1863 1203 1889 Bet-heri,
1225 1870 1272 1893 quo
1293 1862 1319 1885 in
1339 1863 1390 1885 loco
1411 1863 1525 1886 laudatur
1547 1868 1644 1893 propter

315 1902 406 1933 generis
424 1902 586 1924 nobilitatem.
605 1914 633 1919 —-
660 1903 768 1932 Xenoph.
791 1905 867 1927 ⁴Mem.
885 1905 953 1927 ὅσον.
970 1906 995 1931 1,
1018 1912 1043 1932 2,
1059 1904 1072 1934 §
1088 1911 1128 1931 12,
1146 1903 1187 1930 24,
1207 1902 1243 1925 25.
1264 1902 1301 1925 Cf.
1319 1903 1441 1926 Aristides
1464 1905 1545 1931 ωιτη,
1568 1908 1583 1926 t.
1605 1905 1642 1932 11,

313 1951 338 1972 p.
357 1943 402 1968 38,
425 1942 463 1964 ed.
482 1941 573 1964 Jebbii.

375 1983 407 2011 (2)
426 1981 536 2010 Xenoph.
558 1982 594 2008 11,
615 1983 642 2010 3,
662 1981 675 2011 ᾗ
693 1982 732 2010 15,
753 1983 787 2004 16.

376 2022 408 2051 (5)
428 2021 537 2051 Xenoph.
557 2021 569 2051 §
589 2029 629 2051 17,
657 2022 699 2050 18,
722 2022 848 2048 Iustinus,
871 2022 901 2052 V,
919 2023 941 2045 8.
