1763 2511
746 180 762 222 (
789 180 826 212 ¹5
849 181 865 223 )

137 260 246 292 forum
276 257 425 302 pervasit.
460 256 524 288 Alii
552 257 587 288 in
618 255 678 287 hoc
708 259 774 284 toto
809 255 916 285 animo
947 261 1123 296 versanteS‚
1157 262 1195 288 ut
1221 256 1344 287 nemini
1376 256 1472 287 inno-

138 315 224 346 centi
247 313 329 344 male
347 313 454 352 fieret,
471 317 504 343 et
519 308 728 342 humanitatis
748 319 845 350 quam
862 309 991 339 rationis
1008 309 1137 341 laudem
1155 311 1253 353 magis
1270 310 1470 349 affectantes,

138 368 235 400 talem
257 366 482 398 certitudinem
503 362 693 405 requisiere‚
719 361 848 403 qualem
868 362 894 392 si
912 361 1010 405 judex
1032 369 1262 406 exspectasset,
1288 374 1353 394 non
1378 363 1471 394 modo

138 433 204 453 non
221 422 440 457 innocentem,
456 416 510 447 sed
520 426 648 459 prorsus
662 415 824 446 neminem
840 427 897 458 pro
910 417 1054 448 convicto
1070 416 1232 448 habuisset
1247 417 1311 460 (1);
1333 428 1473 460 quorum

139 482 247 506 tamen
261 483 380 504 errores
398 470 469 501 ideo
483 470 591 501 minus
608 469 716 500 damni
734 469 934 510 intulerunt,
957 470 1059 513 quod,
1086 482 1271 514 quanquam
1292 472 1326 502 in
1347 471 1472 513 scriptis

141 540 252 562 eorum
278 526 334 568 qui
354 524 465 556 eadem
485 517 772 563 commendabant,
798 523 936 566 quadam
963 524 1105 555 veritatis
1128 525 1233 567 specie
1256 524 1363 556 oculos
1383 524 1473 555 deci-

139 581 286 626 piebant,
317 584 442 618 tamen,⁷
467 578 492 608 si
516 578 587 621 quis
608 589 719 609 eorum
740 577 896 620 principia
917 577 956 608 ad
976 577 1128 609 effectum
1149 577 1326 620 perducere
1351 577 1449 610 vellet
1463 601 1471 616 ‚

138 633 231 666 facile
252 643 365 664 eorum
385 632 548 664 levitatem
567 637 601 663 et
619 631 864 662 inconstantiam
883 630 1120 674 experiebatur.
1139 631 1249 670 Quare
1265 631 1353 662 haud
1368 630 1421 661 abs
1438 641 1473 662 re

136 688 197 719 erit
209 711 217 727 ‚
241 685 441 718 certitudinis
462 691 610 716 naturam
629 691 662 716 et
674 684 830 717 diversam
851 685 917 717 vim
933 685 1119 728 diligentius
1131 686 1331 726 examinare,
1348 691 1380 716 et
1397 684 1474 715 soli-

136 741 233 772 dioris
253 740 404 771 doctrinae
425 738 636 770 fundamenta
657 738 845 781 exquirere:
867 750 931 781 quo
951 739 1034 769 circa
1056 745 1215 781 quantum
1232 745 1359 782 potero,
1381 738 1474 781 prin—

138 795 220 839 cipia
241 805 312 826 mea
331 805 371 825 ex
388 793 509 825 intimis
529 792 628 824 animi
647 791 784 823 humani
804 791 978 824 visceribus
998 797 1116 836 petam.

751 897 775 939 g
810 898 842 927 2.

559 993 616 1023 De
639 991 837 1023 certitudine
861 991 897 1021 in
917 1002 1048 1033 genere.

181 1089 364 1130 Quaeritur,
386 1089 464 1132 quid
489 1090 529 1120 sit
553 1088 735 1128 certitudo,
758 1093 792 1119 et
805 1087 1065 1130 respondendum
1080 1087 1223 1128 videtur,
1246 1087 1474 1120 certitudinem

140 1156 206 1177 esse
227 1146 440 1188 cognitionem
461 1145 604 1176 veritatis
625 1142 786 1187 quaeipsis
807 1141 1042 1185 cognitionibus
1055 1143 1169 1173 nostris
1189 1142 1306 1174 subest.
1332 1142 1397 1173 Ubi
1413 1143 1476 1172 ita—

139 1210 203 1242 que
223 1198 311 1230 adest
328 1198 502 1238 certitudo,
523 1197 570 1229 ibi
587 1197 731 1240 intelligo
750 1196 858 1227 adesse
880 1195 1043 1238 duplicem
1068 1196 1299 1239 cognitionem,
1325 1195 1474 1234 alteram,

139 1253 204 1297 qua
219 1264 288 1284 rem
303 1252 476 1296 quamdam
490 1251 581 1283 nobis
595 1251 630 1282 in
645 1251 752 1281 animo
768 1255 1032 1292 repraesentamus
1038 1273 1046 1289 ‚
1068 1249 1200 1280 alteram
1219 1248 1281 1292 qua
1298 1248 1387 1279 nobis
1406 1259 1476 1279 ma-

138 1307 254 1339 nifesta
274 1307 310 1337 fit
329 1305 616 1349 repraesentationis
635 1303 705 1348 ejus
721 1304 848 1336 veritas.
873 1302 934 1334 Sed
956 1303 1115 1346 quomodo
1135 1303 1317 1335 intellectus
1333 1303 1389 1345 qui
1409 1303 1476 1345 ipse

137 1372 208 1392 rem
234 1360 403 1404 cognovit,
427 1365 514 1391 certo
538 1359 617 1390 scire
644 1363 767 1402 potest,
793 1363 906 1388 utrum
927 1357 1066 1400 cognitio
1088 1368 1145 1388 sua
1171 1368 1247 1388 cum
1268 1356 1315 1387 rei
1342 1355 1476 1386 veritate

141 1414 327 1453 conveniat,
342 1412 468 1444 necne?
484 1412 534 1443 An
552 1412 673 1442 scilicet
691 1411 928 1454 comparatione
946 1412 1030 1442 inter
1046 1422 1114 1442 rem
1134 1411 1294 1454 cognitam
1309 1410 1475 1452 ipsamque

140 1469 354 1512 cognitionem
376 1465 486 1498 facta?
510 1465 572 1497 Sed
592 1466 786 1509 comparatio
807 1467 865 1496 ista
888 1465 980 1496 aliter
998 1465 1068 1496 fieri
1087 1475 1152 1495 non
1171 1469 1295 1507 potest,
1325 1473 1423 1506 quam
1450 1462 1477 1492 si

138 1533 255 1554 novam
267 1521 315 1552 rei
330 1520 546 1564 cognitionem
557 1520 763 1551 instituamus
772 1544 780 1559 ‚
798 1519 837 1550 de
849 1530 912 1562 qua
928 1530 1038 1550 rursus
1049 1519 1110 1549 erit
1124 1517 1350 1560 quaerendum,
1364 1523 1477 1548 utrum

140 1586 215 1609 vera
237 1575 293 1615 sit,
313 1585 427 1606 necne.
452 1573 534 1605 Nam
553 1585 656 1616 quum
674 1573 763 1605 aliud
780 1572 990 1616 cognoscendi
1008 1573 1260 1603 instrumentum
1278 1569 1429 1601 adhibere
1444 1575 1477 1600 et

187 1687 227 1718 (ι)
245 1687 267 1709 11
280 1686 335 1710 faut
349 1694 372 1709 se
387 1686 461 1709 de'fier
478 1686 507 1710 de
521 1694 558 1710 ces
573 1686 741 1717 exagerations
762 1685 944 1709 sentimentales
961 1684 1007 1717 qui
1024 1685 1126 1708 tendent
1141 1684 1155 1707 ἐι
1175 1683 1268 1706 donner
1285 1681 1425 1712 l’impunite:
1446 1688 1478 1704 au

139 1728 226 1757 crime,
242 1735 297 1750 sous
309 1727 418 1758 pre'texte
433 1727 548 1750 d'eltablir
563 1727 588 1750 la
602 1727 681 1750 aurete
697 1726 725 1749 de
739 1726 897 1750 l'inuoceuce.
919 1727 965 1749 Les
982 1724 1204 1756 applaudissemens
1225 1722 1256 1745 du
1270 1722 1352 1753 public
1369 1725 1413 1744 ont
1426 1720 1475 1748 e'te',

138 1776 202 1801 pour
216 1767 280 1791 ainsi
297 1767 361 1796 dire,
378 1767 425 1790 mis
441 1767 455 1790 ὲ
470 1767 598 1790 ΓεηεΙιέι-ε.
616 1766 724 1790 D'abord
737 1774 770 1789 ou
785 1767 852 1790 avait
869 1766 907 1790 dit
923 1766 983 1797 qu'il
996 1765 1074 1789 valait
1091 1764 1174 1787 mieux
1187 1770 1273 1787 sauver
1288 1762 1408 1793 plusieurs
1421 1768 1478 1784 cou-

138 1809 228 1841 pables⁴
238 1816 284 1840 que
299 1808 328 1831 de
343 1808 491 1831 condamnet
506 1815 541 1830 un
554 1807 607 1830 seul
622 1807 749 1835 innocent5
768 1815 802 1830 im
817 1811 898 1835 autre,
917 1814 980 1837 pour
995 1805 1082 1829 rendre
1097 1805 1122 1827 la
1137 1803 1244 1827 maxime
1258 1802 1317 1833 plus.
1329 1801 1475 1831 frappante›

140 1849 209 1878 avait
222 1848 315 1880 assigne'
329 1848 352 1871 le
366 1848 467 1871 nombre
483 1848 540 1876 dix3
557 1855 591 1870 un
607 1851 674 1870 autre
689 1855 702 1870 a
714 1847 814 1878 decuplo!
827 1852 888 1870 cette
904 1847 1016 1875 dixaine3
1034 1854 1067 1869 un
1082 1849 1150 1868 autre
1165 1845 1196 1867 l'a
1209 1843 1343 1874 centuple'e.
1360 1842 1425 1865 Tous
1440 1849 1476 1864 ces

140 1889 270 1914 candidats
284 1896 345 1920 pour
358 1889 381 1912 le
394 1888 452 1919 prix
465 1888 494 1912 de
509 1888 656 1911 l'humanite:
669 1892 713 1911 ont
722 1889 759 1911 ἐῑό
775 1889 858 1911 laisses
872 1896 902 1911 en
912 1887 999 1911 arriere
1008 1894 1051 1918 par
1062 1886 1085 1916 je
1097 1893 1127 1909 ne
1140 1884 1186 1908 sais
1199 1883 1309 1907 combien
1320 1882 1474 1910 d'eicrivains,

141 1930 185 1961 qui
198 1929 298 1954 veulent
312 1930 385 1960 qu'en
406 1936 486 1952 aucun
503 1936 542 1952 cas
555 1936 588 1951 οη
604 1936 635 1951 ne
648 1928 727 1959 puisse
741 1928 890 1952 condamnet
907 1935 942 1951 un
958 1926 1053 1956 accuse,
1070 1926 1085 1949 ἐι
1103 1924 1183 1948 moins
1198 1924 1272 1947 d’une
1288 1922 1406 1946 certitude
1425 1929 1477 1944 ma-

142 1970 292 2002 thdmatique
306 1978 338 1993 ou
353 1970 458 1994 absolue.
478 1969 578 2000 D'apres
595 1972 656 1992 cette
672 1969 793 1998 maxime,
809 1976 872 1999 pout
890 1976 920 1992 ue
939 1975 982 1998 pas
996 1965 1070 1998 punit
1087 1973 1122 1989 un
1140 1965 1276 1993 innocent„
1288 1971 1320 1986 uu
1332 1970 1362 1986 ne
1380 1960 1477 1985 dev-tait

142 2010 217 2042 punit
232 2017 359 2041 personne.
373 2022 404 2028 —
416 2009 553 2037 Bentlcaml
565 2008 628 2034 livxe
642 2009 668 2039 6,
685 2008 757 2040 chap.
773 2016 796 2031 τι.
