1820 2568
755 190 770 231 (
795 189 817 220 5
837 191 856 231 )

143 270 169 299 si
189 278 298 299 manes
317 267 496 309 ignoscere,
514 264 599 296 veris
621 254 769 305 lacrymis
790 268 823 293 et
843 262 967 293 honore
989 265 1111 294 sincero
1135 264 1364 295 commilitones
1393 275 1469 307 pro-

147 322 249 352 secuti
268 325 354 351 sunt.
975 340 977 342 -
1143 323 1146 325 ’

191 373 300 411 Alter,
319 371 358 401 ab
377 370 451 409 illo,
474 370 510 399 P.
534 368 574 399 de
594 368 698 410 Boey,
721 368 782 398 Coi
785 369 949 407 tranensis
969 342 1038 411 post
1056 371 1159 401 studia
1179 370 1381 402 laudabilitei
1399 381 1475 412 per-

147 427 252 465 fecta,
273 436 310 456 eo
326 433 454 466 quoque
470 428 615 460 venerat,
639 427 677 452 ut
693 421 859 453 mediciuae
873 423 1016 454 Doctoris
1034 425 1127 455 titulo
1144 424 1364 468 insigniendus
1381 429 1471 454 esset.

148 480 279 510 Infirmo
300 487 449 518 corpore,
469 475 523 506 sed
544 475 650 505 animo
671 486 736 505 non
753 474 893 506 invalido
912 477 960 507 vir
981 477 1123 520 juvenis,
1145 490 1219 509 cum
1239 478 1347 508 morbo
1363 478 1479 508 imme—

148 531 274 563 dicabili
304 541 336 561 se
365 529 453 560 brevi
478 528 734 571 extinguendum
759 530 912 568 sentiret,
940 530 1023 560 inter
1047 530 1305 573 collacrymantes
1337 531 1452 560 amicos
1470 555 1478 569 ,

151 585 288 616 animam
303 582 427 625 placide
443 582 574 621 efflavit,
590 582 711 613 nullius
729 582 837 613 delicti
852 582 910 613 sibi
925 584 1084 623 conscius,
1095 584 1186 615 nullo
1201 585 1332 615 affectus
1347 585 1479 626 ingratae

150 639 239 676 vitae,
260 648 355 680 quani
377 642 489 678 sponte
509 635 692 679 abjiciebat,
714 635 869 667 desiderio
881 661 889 676 ,
906 637 965 667 nisi
980 637 1062 668 forte
1076 662 1084 676 ,
1106 644 1142 669 ut
1157 638 1224 681 ipse
1241 638 1356 669 leniter
1373 637 1479 668 subri—

151 691 273 730 dendo,
296 690 446 721 extremis
466 689 571 728 horis,
596 689 720 729 aiebat,
744 690 829 732 quod
851 690 1050 723 medicorum
1076 691 1247 735 diplomate
1272 691 1438 723 decoratus
1462 701 1480 722 e

152 745 234 777 vivis
256 754 322 774 non
348 742 527 773 excederet.

194 796 302 827 Tertia
327 795 443 825 doloris
468 806 560 825 causa
580 795 814 827 Professoribus
835 802 868 827 et
891 797 1020 828 Civibus
1040 798 1228 829 academicis
1250 798 1378 829 accessit
1397 797 1427 827 J.
1445 797 1479 827 C.

151 850 284 890 Jacobs,
308 849 558 891 Antwerpiensis
573 873 581 888 ,
611 849 714 892 pridie
735 850 797 881 diei
814 862 910 893 quo,
931 851 1041 892 paucis
1063 856 1136 881 ante
1166 852 1275 889 annis,
1302 852 1423 889 omnia,
1448 851 1483 880 in

153 904 297 935 athenaeo
317 914 388 942 suo,
410 903 583 934 rhetorices
604 903 733 945 praeniia
758 908 990 945 reportaverat,
1013 903 1184 934 immature
1198 909 1384 946 praereptuS.
1407 903 1485 933 Acri?

153 957 299 999 ingenio,
322 956 376 987 sed
391 956 496 986 animo
513 955 685 993 substristi,
708 955 797 996 quasi
818 956 989 986 instantem
1007 961 1142 986 mortem
1164 957 1366 998 praesagiret,
1386 956 1487 987 literis

153 1015 262 1040 tamen
285 1020 322 1039 ac
349 1009 516 1050 praecipue-
533 1007 658 1046 latinis,
683 1007 754 1038 sive·
770 1006 871 1037 soluta
884 1030 892 1046 ,
913 1007 979 1038 sive
1002 1009 1132 1038 metrica
1154 1009 1295 1039 oratione
1315 1008 1484 1047 scriberet,

155 1072 279 1093 summa
315 1071 389 1090 cum
423 1059 632 1090 delectatione
665 1059 862 1101 indulgebat.
898 1060 1023 1100 Testes,
1053 1062 1137 1092 iuter
1162 1061 1221 1092 alia
1252 1062 1409 1092 nascentis
1433 1062 1486 1092 in-

155 1113 241 1156 genii
266 1113 452 1155 specimina,
480 1112 628 1144 versiculi
651 1111 767 1154 quibus
791 1112 989 1145 medicorum
1007 1114 1199 1157 piarumque
1219 1115 1380 1157 virginum
1403 1114 1485 1145 Bar-

156 1167 270 1197 cinone
290 1166 443 1197 adversus
465 1166 560 1208 pestis
581 1166 725 1209 contagia
745 1166 939 1198 luctantium
962 1167 1194 1199 humanitatem
1219 1169 1351 1207 cecinit,
1367 1169 1487 1211 episto-

154 1221 262 1264 liaque
285 1221 380 1252 attico
401 1220 463 1251 sale
491 1231 656 1263 conspersa
680 1231 819 1262 quorum
837 1220 973 1251 lectione
996 1227 1116 1252 nostras
1138 1222 1300 1253 interdum
1325 1222 1363 1253 de
1386 1222 1484 1253 literis

153 1274 274 1305 scholas
299 1273 499 1316 periucunde
520 1274 697 1316 occupavit.
721 1275 763 1305 At
779 1285 844 1305 non
863 1275 906 1305 ita
924 1285 956 1305 se
977 1274 1120 1306 tradebat
1139 1277 1251 1314 musis,
1272 1281 1310 1306 ut
1326 1276 1484 1317 graviores

156 1327 337 1369 disciplinas
357 1327 547 1369 negligeret,
563 1326 741 1370 legumque
755 1328 911 1360 severiora
928 1328 1031 1359 studia
1046 1328 1211 1360 literarum
1228 1328 1392 1371 elegantiis
1404 1334 1486 1359 tem—

155 1390 285 1422 perans,
309 1380 334 1410 si
356 1379 420 1410 fata
441 1390 549 1422 aspera
570 1380 723 1422 rupisset,
745 1380 939 1422 Antvverpiae
959 1381 1145 1423 aliquando,
1161 1393 1225 1412 non
1244 1381 1323 1425 juris
1342 1387 1485 1419 tanturn,

155 1432 209 1464 sed
230 1438 263 1463 et
284 1443 392 1463 causas
417 1432 544 1463 dicendi
564 1433 614 1465 vir
634 1434 843 1475 peritissimus
861 1434 1021 1465 extiturus
1041 1441 1118 1465 erat.

161 1508 167 1513 Δ
199 1485 404 1517 Academiam
428 1485 560 1517 denium
584 1487 782 1518 contristavit
804 1498 887 1518 mors
906 1488 1068 1530 inopinata
1089 1487 1128 1518 N.
1152 1486 1304 1525 Cnudde,
1328 1487 1485 1517 Aldenar-

158 1537 277 1577 densis,
301 1539 378 1580 qui,
403 1550 478 1569 cum
497 1538 537 1569 ad
560 1538 792 1581 philosophiam
819 1545 851 1570 et
878 1540 984 1570 literas
1012 1540 1107 1570 alacri
1129 1541 1235 1570 animo
1259 1539 1486 1579 contenderet,

158 1589 225 1632 ipso
245 1590 279 1620 in
300 1591 372 1622 vitae
392 1596 425 1622 et
443 1591 622 1623 studiorum
640 1591 768 1631 limine,
787 1590 889 1622 dulcis
910 1592 982 1624 vitae
1002 1602 1123 1632 exsorS,
1142 1591 1255 1623 acerbo
1269 1592 1386 1623 funere
1402 1603 1487 1623 mer-

157 1654 211 1675 sus
241 1649 298 1674 est.

164 1718 166 1720 -
206 1696 251 1726 Ea
276 1702 351 1727 sunt
374 1708 467 1739 quae,
487 1708 545 1739 per
569 1703 672 1728 totum
700 1698 776 1728 anni
801 1698 972 1729 academici
996 1698 1216 1738 curriculum,
1239 1698 1369 1729 adversa
1400 1698 1488 1729 nobis

161 1748 319 1787 accidere3
336 1760 411 1780 nam
427 1750 532 1780 nescio
548 1761 605 1788 an,
621 1750 705 1781 inter
729 1750 874 1790 adversa,
890 1751 982 1782 illum
1003 1762 1147 1794 quoque,
1162 1751 1238 1783 licet
1252 1752 1487 1794 gravissimum,

140 1800 308 1832 *morbum
332 1812 497 1833 recensere
519 1802 668 1842 debeam,
687 1815 751 1846 quo
772 1805 895 1836 tamdiu
918 1817 939 1835 a
959 1806 1114 1836 consortio
1133 1812 1166 1837 et
1180 1817 1286 1837 amore
1308 1812 1413 1837 nostro
1432 1806 1489 1836 ab-

160 1859 294 1885 stractus
315 1860 362 1885 est
385 1855 575 1887 clarissimus
600 1862 632 1887 et
651 1856 871 1888 disertissimus
892 1857 1151 1901 jurisprudentiae
1173 1859 1361 1890 Antecessor
1380 1860 1416 1890 P.
1440 1860 1486 1889 De

148 1906 313 1950 Ryckere.
338 1908 505 1951 Quidquid
526 1910 612 1940 enim
636 1909 752 1941 doloris
772 1922 812 1942 ex
831 1910 901 1955 ejus
925 1912 1050 1944 infirma
1077 1912 1261 1944 valetudine
1286 1913 1484 1955 ceperimuS,

164 1960 320 2004 quidquid
343 1961 411 2004 ipse
439 1973 607 2006 perpessus
629 1965 694 2005 sit,
719 1964 840 1998 malum
861 1965 943 1997 bono
968 1977 1035 1998 non
1061 1966 1184 1998 modice
1210 1972 1484 2009 recompensatum
