1763 2511
861 163 876 206 (
900 163 941 195 86
963 164 978 205 )

251 239 343 270 modo
365 237 464 281 judici
484 237 526 267 ita
548 237 714 279 placuerit.
735 237 803 280 Ipsa
823 243 896 268 sunt
916 236 1011 268 verba
1034 237 1160 268 articuli
1179 249 1274 280 supra
1291 239 1378 270 citati
1401 239 1464 280 154
1485 241 1576 273 Instr.

249 293 338 322 crim.
350 291 451 321 —Ex
471 301 508 321 eo
525 296 633 321 autem
650 290 736 332 quod
756 289 910 321 articulus
930 290 983 320 ille
999 289 1113 333 judicis
1131 290 1260 322 arbitrio
1281 292 1450 335 relinquit,
1466 299 1579 325 utrum

251 345 328 376 velit
340 344 558 387 probationem
574 355 591 374 a
607 354 661 375 reo
673 343 809 374 oblatam
825 343 1007 383 admittere,
1025 354 1065 373 an
1081 342 1228 386 rejicere,
1249 345 1343 375 multi
1357 351 1390 376 et
1406 346 1581 387 gravissimi

247 403 395 428 auctores
416 408 555 439 quorum
582 397 765 439 opinionem
794 397 993 428 confirmavit
1014 397 1101 428 curia
1133 398 1310 428 cassationis
1342 409 1399 440 per
1433 398 1497 429 duo
1527 398 1582 442 ju-

250 450 331 482 dicia
353 451 490 481 alterum
514 452 552 483 17
578 450 684 481 Martii
706 451 807 489 1808,
833 449 969 480 alterum
992 451 1028 479 11
1056 449 1129 493 Maji
1160 451 1264 489 1810,
1293 452 1475 482 existimant
1505 451 1583 482 tales

246 504 488 534 commentarios
509 503 620 533 saltem
643 503 676 533 in
698 503 800 533 causis
820 501 1098 533 correctionalibus
1122 503 1213 544 (nam
1237 502 1276 533 ad
1299 504 1478 535 criminales
1498 503 1581 535 illud

247 569 311 587 non
336 559 497 599 pertinere
523 567 632 587 omnes
659 555 881 596 consentiunt)
906 567 1016 586 eorum
1041 566 1113 597 quae
1135 555 1300 585 continent
1325 555 1453 597 plenam
1483 556 1578 587 fidem

246 609 345 653 judici
368 609 490 641 tamdiu
512 610 618 640 facere
644 608 775 648 debere,
796 608 951 650 quamdiu
975 620 991 638 a
1015 619 1068 638 reo
1090 608 1285 638 contrarium
1309 619 1373 638 non
1401 609 1441 639 sit
1464 609 1579 651 proba-

247 669 333 701 tum,
356 663 398 692 ita
420 668 457 692 ut
475 661 571 704 judex
589 672 680 691 reum
697 671 794 702 quem
815 666 959 690 actorum
982 661 1228 690 commentarius
1249 659 1395 690 maleficii
1414 667 1576 693 auctorem

246 714 376 750 habuit,
401 715 606 744 innocentem
630 712 748 742 habere
774 722 839 741 non
863 712 975 752 possit,
1008 712 1033 741 si
1056 712 1277 742 commentarii
1300 712 1376 743 fides
1402 725 1418 743 a
1444 724 1498 744 reo
1523 726 1580 756 per

247 767 436 798 contrariam
458 765 677 808 probationem
696 776 760 795 non
782 765 822 794 sit
838 763 998 794 destructa
1010 763 1067 805 (1).
1091 764 1257 804 Attamen,
1277 764 1363 807 quod
1380 765 1420 797 ad
1436 777 1487 797 me
1504 767 1582 797 atti-

247 826 319 858 net,
344 819 434 861 sequi
456 818 538 849 malo
560 818 770 849 clarissimum
795 817 901 857 Hans,
924 818 979 859 qui
1001 817 1092 848 docet
1111 818 1203 848 istam
1227 817 1322 849 fidem
1346 819 1582 850 commentariis

245 872 410 903 ordinariis
433 871 527 913 plane
552 881 618 901 esse
644 869 874 913 denegandam.
901 870 1022 912 Regula
1050 871 1137 901 enim
1161 871 1316 913 generalis
1339 877 1400 910 est,
1424 878 1461 902 ut
1480 871 1579 915 judex

244 936 309 955 non
324 924 426 955 solum
440 923 626 961 criminalis,
638 923 692 953 sed
709 929 740 953 et
755 923 988 954 correctionalis
999 929 1031 954 et
1049 924 1181 966 politiae,
1200 925 1392 955 sententiam
1412 937 1502 956 suam
1515 937 1580 956 non

245 979 304 1009 nisi
322 978 447 1020 propria
469 987 571 1019 eaque
592 977 707 1007 intima
726 977 927 1008 convictione
949 982 1158 1019 superstruat.
1181 977 1264 1008 Huic
1284 983 1392 1009 autem
1411 978 1531 1021 regulae
1547 979 1581 1009 iu

244 1031 306 1061 illis
324 1036 448 1061 tantum
464 1029 586 1060 casibus
606 1029 749 1071 derogari
764 1035 885 1071 potest,
905 1030 940 1060 in
960 1029 1076 1072 quibus
1096 1029 1256 1072 legislator
1270 1031 1300 1061 ei
1321 1041 1467 1073 expresse
1485 1030 1580 1062 dero—

245 1085 312 1127 gari
336 1083 417 1115 vult.
443 1083 514 1113 Jam
539 1094 614 1114 vero
636 1082 725 1113 nulla
751 1084 784 1113 in
805 1083 876 1125 lege
897 1083 929 1113 id
944 1094 1129 1125 expressum
1149 1083 1348 1123 invenimus,
1375 1088 1413 1115 ut
1435 1089 1578 1115 actorum

245 1136 479 1167 commentariis
505 1147 521 1166 a
545 1135 688 1178 quolibet
710 1135 827 1178 politiae
850 1135 975 1166 officiali
1001 1136 1154 1167 confectis
1178 1136 1272 1179 plena
1298 1136 1454 1168 habeatur
1480 1137 1579 1177 fides,

244 1189 346 1220 donec
364 1189 512 1219 contrarii
537 1188 679 1231 probatio
701 1188 801 1219 fuerit
821 1188 1068 1220 subministrata.
1100 1189 1214 1232 Neque
1237 1189 1292 1220 illa
1312 1189 1502 1232 legislatoris
1524 1201 1581 1222 vo-

243 1241 349 1273 luntas
373 1241 488 1272 deduci
511 1246 614 1282 potest
643 1251 682 1271 ex
711 1240 868 1283 ambiguis
892 1241 1018 1271 articuli
1044 1242 1107 1282 154
1129 1242 1247 1282 verbis,
1278 1254 1336 1285 per
1360 1254 1457 1285 quem
1477 1242 1579 1286 judici

242 1295 320 1325 licet
336 1294 557 1336 probationem
574 1294 764 1325 innocentiae
779 1305 796 1324 a
811 1305 865 1325 reo
880 1293 1016 1325 oblatam
1036 1305 1093 1336 pro
1111 1294 1219 1326 lubitu
1234 1295 1401 1337 repellere.
1424 1296 1580 1334 Quamvis

243 1348 330 1377 enim
341 1346 480 1377 multum
494 1346 590 1386 absit,
602 1352 639 1377 ut
652 1346 699 1377 illi
709 1346 788 1390 juris
799 1346 993 1388 dispositioni
1011 1347 1175 1386 assentiar,
1192 1358 1264 1389 quae
1279 1346 1393 1390 judicis
1410 1347 1578 1380 arbitrium

243 1400 307 1442 legi
329 1399 508 1438 substituit,
537 1405 645 1430 tamen
666 1398 721 1430 ille
742 1398 896 1430 articulus
919 1399 1064 1441 regulam
1088 1410 1182 1441 supra
1201 1400 1406 1430 enunciatam
1430 1400 1580 1431 corrobo—

244 1463 314 1483 rare
325 1453 429 1494 potius
443 1463 539 1494 quam
555 1452 715 1483 infirmare
735 1451 879 1491 videtur,
899 1451 977 1483 dum
997 1453 1123 1492 statuit,
1144 1452 1284 1496 judicem
1298 1464 1364 1484 non
1386 1453 1487 1485 solum
1503 1465 1579 1485 sen-

245 1507 379 1536 tentiam
401 1516 492 1536 suam
518 1506 644 1547 propria
670 1516 772 1547 eaque
792 1505 905 1536 intima
926 1506 1125 1536 convictione
1145 1511 1365 1548 superstruere
1387 1517 1496 1549 posse,
1523 1507 1579 1538 sed

243 1569 284 1589 ne
305 1558 380 1588 alias
407 1557 536 1600 quidem
564 1557 764 1600 probationes
789 1564 972 1601 exspectare
998 1558 1132 1597 debere,
1158 1559 1182 1589 si
1212 1558 1406 1601 religionem
1428 1571 1519 1591 suam
1539 1571 1578 1591 ex

244 1612 310 1653 ipso
326 1611 552 1641 commentario
566 1611 639 1641 satis
654 1612 840 1642 instructam
859 1617 952 1653 putet
962 1610 1018 1653 (2).
1038 1611 1098 1642 Cui
1109 1611 1223 1642 rationi
1239 1611 1375 1652 accedit,
1393 1612 1478 1655 quod
1494 1613 1577 1644 nihil

246 1664 382 1695 odiosius
404 1665 460 1703 sit,
481 1675 577 1706 quam
600 1665 882 1707 praesumptionem
902 1665 1142 1706 praesumptioni
1168 1665 1358 1696 innocentiae
1383 1666 1573 1697 contrariam

246 1727 285 1746 ex
305 1716 474 1759 cujuslibet
492 1716 627 1747 hominis
649 1717 828 1747 testimonio
851 1722 960 1747 contra
981 1727 1073 1748 reum
1091 1717 1244 1749 inducere
1257 1742 1265 1758 ‚
1300 1724 1333 1749 et
1358 1718 1444 1762 quod
1471 1718 1575 1750 odiosa

246 1769 463 1810 restringenda
486 1770 591 1812 potius
611 1780 708 1812 quam
727 1770 929 1801 extendenda
951 1771 1024 1801 sint.

307 1891 346 1920 (1)
363 1891 433 1913 Hanc
450 1891 589 1920 opinionem
604 1893 724 1916 sustinent
742 1894 773 1916 Le
791 1894 882 1922 Grav.‚
904 1898 921 1916 t.
941 1902 964 1923 ι,
981 1901 1006 1924 p.
1022 1902 1064 1924 2¹7
1079 1899 1103 1917 et
1120 1902 1172 1923 2¹7·
1188 1907 1219 1912 —
1232 1894 1404 1925 Bourguiguon
1420 1893 1450 1917 ad
1463 1898 1508 1917 art.
1522 1894 1572 1921 154-

248 1941 275 1947 —
291 1929 397 1957 Berriat,
418 1938 442 1959 p.
459 1929 487 1959 98
504 1934 526 1952 et
542 1938 570 1960 99
588 1931 651 1960 apud
674 1932 754 1960 Hans,
772 1933 784 1962 §
804 1934 847 1962 397
866 1932 944 1955 citati.

309 1969 341 1999 (z)
358 1969 394 1992 Cl.
414 1969 493 1998 Haus,
510 1969 522 1999 §
538 1969 595 1999 597,
616 1978 646 1993 ex
666 1978 713 2001 quo
732 1977 873 2002 argumenta
895 1980 947 1996 mea
966 1973 1043 1996 hausi.
