1763 2511
777 170 894 214 (77)

159 248 397 293 probationibus
415 260 486 292 quae
502 246 684 280 immediate
700 256 738 276 ex
754 244 896 286 personis
915 242 1081 286 profluunt
1097 242 1302 286 (testimoniis
1321 242 1394 275 viva
1409 252 1487 274 voce

159 303 272 345 editis)
300 309 332 334 et
357 303 395 333 iis
413 314 485 345 quae
506 313 566 333 nec
588 298 792 334 immediate,
819 309 880 328 nec
901 297 1044 328 mediate
1066 308 1105 328 ex
1128 296 1269 340 personis
1290 294 1488 327 descendunt

161 356 385 400 [argumentis
405 367 444 387 ex
464 355 593 398 physico
613 362 722 383 rerum
741 356 825 382 statu
843 350 1013 393 deductis]
1039 350 1096 392 (1).

764 455 787 498 S
825 455 879 496 43.

476 542 533 573 De
562 542 853 572 instrumentorum
881 547 1004 572 natura
1032 547 1065 572 et
1081 540 1169 583 fide.

203 633 486 673 Quemadmodum
511 634 665 666 confessio
688 633 770 665 nihil
790 633 878 666 aliud
899 639 946 665 est
974 645 1072 677 quam
1092 633 1311 664 testimonium
1335 631 1491 674 singulari

158 698 198 718 ex
218 688 372 719 relatione
394 689 603 720 constitutum
617 712 625 728 ‚
652 689 695 719 ita
713 688 966 719 instrumentum
988 686 1071 718 nihil
1099 692 1146 718 est
1169 686 1258 717 aliud
1278 697 1375 729 quam
1399 684 1491 715 testi-

117 783 119 785 ·
156 742 303 775 monium
325 741 384 773 sub
405 742 506 773 forma
537 741 691 784 singulari
720 741 844 772 editum
865 741 930 783 (2);
959 752 1031 783 quae
1057 746 1165 771 tamen
1191 739 1360 782 singularis
1387 739 1490 769 forma

158 795 379 836 gravissimum
400 801 432 825 et
450 801 563 826 notatu
585 795 806 837 dignissimum
830 793 1000 824 discrimen
1017 794 1102 825 inter
1122 794 1301 824 testimonia
1321 793 1394 825 viva
1412 801 1489 824 voce

157 857 303 890 expressa
327 853 359 878 et
377 847 557 878 testimonia
581 846 696 878 litteris
716 848 870 878 instructa
892 846 1052 890 producit.

201 900 340 939 Quando
365 901 486 932 scilicet
508 901 727 933 testimouium
751 902 822 934 viva
845 912 922 934 voce
948 901 1074 941 fertur,
1101 900 1258 944 judicanti
1281 899 1386 930 statim
1412 909 1490 930 exa-

158 954 349 985 minandum
370 960 433 994 est,
455 965 538 985 anne
558 954 680 997 aliquid
700 954 802 986 obstet
822 954 994 997 quominus
1013 954 1142 985 testanti
1162 953 1258 984 fidem
1274 952 1417 996 adjiciat,
1438 951 1491 984 vel

156 1014 288 1050 propter
305 1008 404 1051 ipsius
419 1019 576 1051 personae,
596 1008 648 1041 vel
668 1014 798 1051 propter
819 1008 1007 1047 testimonii,
1031 1007 1084 1040 vel
1102 1013 1232 1050 propter
1252 1006 1490 1037 solemnitatum

156 1062 386 1103 requisitarum
407 1061 591 1101 defectum3
607 1063 641 1092 in
660 1062 841 1093 testimonio
857 1062 973 1104 scripto
991 1066 1117 1100 autem,
1133 1059 1187 1090 illa
1203 1059 1334 1102 quaestio
1351 1057 1490 1089 secundo

157 1119 283 1145 tantum
307 1113 418 1144 ordine
440 1115 545 1153 venit,
576 1120 608 1144 et
628 1114 732 1156 primo
753 1114 822 1144 loco
841 1114 1052 1156 quaerendum
1073 1119 1120 1144 est
1141 1113 1269 1144 cuinam
1295 1112 1417 1143 auctori
1438 1111 1492 1141 in—

156 1173 372 1199 strumentum
388 1166 568 1198 exhibitum
582 1166 696 1198 debeat
714 1167 847 1207 referri,
873 1167 948 1210 quia
968 1168 1114 1210 cognosci
1136 1178 1201 1197 non
1223 1171 1342 1208 potest,
1364 1176 1406 1196 an
1425 1170 1490 1196 tes—

156 1221 237 1250 tanti
257 1220 297 1250 sit
318 1219 530 1260 credendum,
555 1221 616 1251 nisi
637 1220 727 1262 prius
750 1219 789 1250 de
809 1221 952 1250 testantis
971 1231 1104 1262 persona
1125 1219 1311 1250 constiterit.

201 1272 336 1312 Quoties
365 1273 474 1315 itaque
503 1273 756 1303 instrumentum
788 1272 917 1315 aliquod
945 1272 1101 1317 judicanti
1133 1272 1322 1312 exhibetur,
1356 1282 1491 1303 examen

156 1325 276 1368 duplex
299 1326 446 1357 instituat
461 1336 588 1357 necesse
603 1331 665 1366 est3
685 1325 822 1357 alterum
843 1325 883 1357 de
901 1326 1107 1358 instrumenti
1128 1331 1258 1357 auctore
1276 1324 1375 1367 (fides
1390 1325 1492 1366 scrip-

155 1385 236 1411 turae
256 1390 313 1411 seu
333 1379 410 1410 fides
428 1379 635 1410 instrumenti
657 1380 832 1422 externa);
858 1380 995 1411 alterum
1017 1380 1056 1411 de
1082 1379 1260 1411 testimonio
1284 1378 1370 1421 quod
1389 1378 1492 1420 scrip-

155 1439 228 1464 tura
253 1433 436 1464 continetur
462 1432 557 1473 (fides
582 1432 771 1472 testimonii,
800 1444 858 1464 seu
884 1433 961 1464 fides
982 1433 1188 1463 instrumenti
1215 1430 1388 1473 interna);
1419 1441 1490 1473 quae

157 1485 320 1518 distinctio
339 1486 437 1517 totius
458 1485 674 1528 inquisitionis
691 1492 806 1518 uostrae
826 1487 887 1519 erit
909 1485 1170 1519 fundamentalis.

764 1591 787 1634 S
820 1591 873 1632 44-

497 1679 554 1709 De
574 1678 650 1721 fide
680 1679 971 1710 instrumentorum
1000 1685 1152 1710 externa„

200 1764 348 1796 Probatio
378 1764 543 1807 scripturae
573 1776 629 1797 seu
661 1765 737 1797 fides
767 1766 1055 1797 instrumentorum
1086 1771 1218 1796 externa
1249 1763 1366 1806 triptici
1395 1761 1491 1793 modo

218 1879 251 1908 (1)
269 1878 336 1901 Haus
358 1879 439 1908 §391.
458 1891 487 1896 —·
503 1878 628 1908 Cremaui,
648 1886 701 1909 cap.
721 1880 763 1907 23,
781 1880 794 1908 §
815 1887 835 1901 1.

217 1918 255 1947 (2)
272 1919 391 1948 Qu’est-ce
410 1919 498 1948 qu'uue
514 1926 604 1949 preuve
624 1919 714 1942 e'crite?
735 1919 796 1941 C'est
818 1926 865 1941 une
881 1918 997 1942 assertion
1015 1918 1093 1950 quelle
1110 1917 1198 1949 qu¹elie
1219 1917 1278 1946 soit,
1306 1916 1426 1947 exprime'e
1445 1923 1488 1944 par

158 1958 191 1980 les
209 1959 337 1981 caracteres
358 1958 455 1981 visibles
471 1963 495 1981 et
510 1964 665 1989 permanente
684 1959 716 1982 du
740 1959 854 1990 laugage.
878 1959 914 1981 La
934 1966 1023 1989 preuve
1041 1958 1112 1981 ecrite
1130 1959 1190 1980 n'est
1208 1957 1270 1980 donc
1294 1964 1338 1987 qne
1356 1956 1379 1978 la
1399 1962 1488 1985 preuve

157 1996 221 2020 orale
235 1998 356 2028 pre'sente'e
372 1998 446 2021 d'une
462 2003 530 2022 autre
546 1998 665 2028 mamere,
686 1999 792 2023 adi-essee
808 2000 825 2023 a
839 2006 873 2022 un
888 2003 956 2022 autre
972 2006 1033 2022 senS.
1049 2011 1076 2016 —
1093 1998 1182 2022 Benth.
1199 1998 1261 2020 livre
1278 1996 1305 2024 6,
1321 1995 1360 2018 ch.
1370 1995 1399 2017 3*
