1763 2511
761 182 899 226 (ωδ)

170 265 361 311 vestigandae
385 262 526 296 veritatis
548 260 638 292 ratio.
666 256 728 288 Sed
753 255 945 299 plerumque
973 254 1088 288 veritas
1120 254 1354 287 accusatoribus
1380 265 1495 299 parum

174 322 261 355 cordi
281 326 346 360 est,
369 319 487 362 quippe
508 316 564 358 qui
585 313 666 345 nihil
688 310 775 342 aliud
798 321 942 353 quaerere
962 310 1084 350 solent,
1106 320 1200 352 quam
1221 315 1259 341 ut
1278 310 1340 341 reis
1354 320 1428 343 vera
1443 318 1499 343 aut

173 379 244 409 ficta
261 374 393 406 crimina
407 370 625 405 adinveniant,
642 371 674 396 et
688 365 809 407 ingenii
824 364 935 395 lumen
951 363 1119 395 accusandi
1130 363 1306 395 subtilitate
1319 364 1498 396 ostendant.

174 430 229 470 ld,
254 427 426 472 praesertim
440 426 480 454 ‘in
500 420 619 459 Gallia,
637 418 773 462 probant
789 424 1033 461 procuratorum
1052 417 1269 448 criminalium
1283 418 1500 461 requisitam,

175 483 214 515 ad
229 479 486 513 declamationem
502 473 608 516 potius
623 484 718 516 quam
741 473 779 504 ad
800 473 1059 504 informationem
1081 478 1113 503 et
1134 471 1175 503 ad
1189 471 1390 504 delectandas
1406 484 1499 504 aures

175 546 270 579 quam
295 531 334 562 ad
357 526 577 559 illustrandam
598 525 712 570 judicis
735 527 960 558 conscientiam
979 526 1095 557 melius
1117 527 1309 569 composita,
1330 526 1501 558 ambitiosis

174 587 300 630 quidem
326 582 519 613 ornamentis
543 580 659 623 plena,
684 580 738 611 sed
764 586 1029 623 argumentorum
1055 581 1160 613 nervis
1185 590 1305 621 vacua,
1327 581 1361 611 in
1383 581 1500 624 quibus

172 640 262 670 flores
283 643 316 668 et
340 635 496 667 sententia
521 634 647 665 abunde
669 635 826 677 reperias,
848 634 902 665 sed
918 640 1059 665 mentem
1082 633 1240 664 desideres
1256 634 1390 666 civitatis
1404 634 1500 666 simul

172 698 268 735 atque
282 689 472 722 innocentiae
487 687 630 731 periculo
650 688 823 728 intentam,
846 687 902 719 ubi
923 688 1061 730 denique
1079 688 1194 720 veritas
1214 687 1385 720 verborum
1412 688 1502 730 copiti

172 745 319 777 diffluens
331 768 339 784 ,
354 744 407 775 vix
422 742 527 774 ullum
543 741 759 772 characterem
774 742 892 771 retinet
904 765 912 780 ,
935 752 998 783 quo
1019 741 1116 783 possit
1132 752 1149 771 a
1166 741 1332 772 mendacio
1349 741 1501 783 dignosci.

172 799 294 830 Verum
319 798 344 828 si
369 797 430 827 hoc
449 795 642 838 plerumque
665 794 918 834 accusatoribus,
941 794 1029 825 aliud
1056 794 1154 837 judici
1180 793 1275 825 debet
1296 803 1362 825 esse
1383 806 1502 837 propo—

172 854 266 883 situm
280 876 288 892 ,
314 850 406 894 cujus
430 849 568 881 officium
594 855 640 880 est
664 849 849 888 veritatem,
876 848 993 891 quibus
1017 848 1152 891 tegitur,
1173 847 1347 880 involucris
1369 859 1500 888 eruere,

173 905 305 936 obscura
331 903 527 942 dilucidare,
553 902 683 934 confusa
714 909 746 934 et
769 903 926 946 permixta
951 903 985 934 in
1009 902 1154 933 ordinem
1178 902 1323 945 digerere
1340 926 1348 942 ,
1375 903 1502 934 inutilia

174 957 316 990 recidere
337 962 370 988 et
392 957 521 988 inanem
545 955 716 989 verborum
735 957 905 999 strepitum
928 955 968 987 ad
991 966 1101 987 rerum
1125 956 1283 987 summam
1309 955 1474 987 reducere.

219 1010 346 1057 Quibus
371 1011 414 1041 ita
439 1010 607 1052 expositis,
631 1009 671 1040 ad
696 1009 914 1042 defensionem
937 1010 1181 1042 transeundum.

592 1227 755 1260 CAPUT
799 1227 1084 1261 POSTERIUS.

475 1328 533 1348 DE
586 1326 803 1348 REORUM
857 1327 1206 1348 DEFENSIONE.

784 1467 807 1509 ἓ
848 1468 900 1501 70.

545 1560 614 1590 De.
638 1561 834 1591 innocentioe
866 1560 1136 1602 proesumptione.

220 1653 416 1684 Innocentiae
441 1652 646 1694 praesumptio
664 1663 738 1683 cum
759 1652 967 1684 humanitatis
982 1652 1052 1683 idea
1075 1653 1108 1683 in
1129 1651 1274 1683 omnium
1296 1652 1410 1683 animis
1426 1652 1504 1684 adeo

179 1706 349 1750 conjuncta
373 1711 441 1745 est,
466 1711 504 1736 ut
528 1716 593 1736 non
612 1706 709 1748 possit
726 1705 840 1749 aliquis
863 1706 951 1737 illam
975 1707 1181 1748 impugnare,
1208 1706 1288 1748 quin
1311 1706 1407 1738 simul
1428 1706 1505 1738 huic

176 1771 209 1791 se
224 1759 392 1792 adversum
407 1758 553 1791 videatur
567 1758 719 1801 praebere.
739 1759 779 1789 Et
791 1759 921 1802 quidem
936 1759 1022 1802 quod
1033 1759 1072 1790 ad
1083 1770 1134 1790 me
1149 1759 1277 1799 attinet,
1295 1771 1359 1791 non
1370 1759 1504 1791 diffiteor

177 1824 229 1844 me
247 1837 255 1853 ,
284 1813 385 1844 donec
408 1812 448 1844 de
471 1813 529 1843 ista
554 1814 802 1855 praesumptione
827 1813 956 1858 jamjam
985 1824 1084 1844 essem
1111 1815 1287 1857 scripturus
1303 1838 1312 1855 ,
1344 1825 1414 1845 eam
1440 1820 1504 1846 toto

178 1867 284 1897 animo
299 1866 396 1897 fuisse
412 1865 612 1909 amplexum,
629 1877 735 1909 neque
753 1879 896 1910 unquam
913 1867 1047 1899 dubium
1062 1866 1191 1910 aliquod
1206 1878 1242 1898 ea
1257 1867 1297 1898 de
1314 1879 1349 1899 re
1364 1873 1504 1899 mentem

179 1920 350 1951 incessisse.
378 1919 440 1951 Sed
469 1931 572 1962 quum
599 1919 696 1951 solida
726 1921 795 1964 ejus
830 1921 1038 1952 fundamenta
1065 1920 1151 1964 apud
1176 1932 1227 1952 me
1252 1922 1448 1964 requirerem
1471 1925 1504 1951 et

180 1982 306 2015 semper
325 1972 475 2004 recedere
488 1978 562 2004 ante
576 1972 682 2005 oculos
703 1973 865 2015 viderem,
887 1973 1041 2017 paulatim
1059 1974 1176 2006 frustra
1202 1974 1360 2006 reluctans
1380 1975 1503 2004 animus
