1820 2568
890 196 905 237 (
927 197 969 236 42
993 197 1008 238 )

281 287 322 307 ne
346 274 422 317 quid
449 284 559 304 rerum
586 271 834 303 necessariarum
862 270 895 300 in
921 270 1062 300 Piraeum
1086 268 1271 300 inferretur.
1311 269 1357 300 Ita
1386 281 1496 302 rursus
1520 271 1611 303 brevi

282 335 424 370 tempore
444 337 558 368 magna
576 336 684 356 rerum
702 323 788 366 apud
804 323 975 353 Piraeenses
991 321 1157 353 difficultas
1172 333 1237 354 esse
1256 324 1373 366 coepit:
1390 323 1505 354 urbani
1520 335 1609 365 vero,

280 380 441 424 Lysandro
462 380 553 417 freti,
580 389 709 421 magnos
726 378 843 408 iterum
866 376 986 406 animos
1007 382 1192 407 sumserunt
1211 376 1269 419 (1).
1300 376 1406 408 Rebus
1431 377 1473 408 ita
1497 389 1611 420 proce-

280 434 442 473 dentibus,
466 432 778 464 Lacedaemoniorum
800 441 903 472 1·‹*geS‚
927 441 1000 460 cum
1019 429 1138 461 invidia
1155 436 1262 461 contra
1278 430 1478 473 Lysandrum
1494 431 1611 462 stimu-

280 488 351 527 lati,
374 486 458 530 quod
489 487 530 522 is.
563 485 658 517 rebus
684 485 769 515 hisce
796 484 930 515 feliciter
956 483 995 514 ad
1020 484 1143 515 exitum
1172 484 1353 527 perductis,
1380 496 1529 527 magnam
1553 484 1612 515 sibi

282 542 412 584 gloriam
436 546 620 583 paraturus,
647 545 678 570 et
701 539 854 577 Athenas,
878 539 995 569 iterum
1018 538 1107 580 quasi
1128 543 1233 580 captas
1247 561 1255 577 7
1278 544 1442 580 tamquam
1462 550 1533 568 suas
1553 537 1613 569 ha—

283 595 407 626 biturus
424 605 489 625 usse
511 593 688 632 videretur,
707 598 776 623 tum
792 592 886 622 etiam
905 590 990 633 quod
1002 591 1146 633 Spartam
1164 590 1250 633 apud
1266 590 1391 621 Graecos
1406 590 1489 621 male
1502 590 1614 622 audire

282 649 519 692 intelligerent,
547 654 584 679 ut
608 647 686 678 alter
711 647 853 689 ipsorum
878 645 1052 686 susciperet
1072 643 1325 686 expeditionem,
1350 649 1542 674 statuerunt.
1576 644 1613 674 In

283 703 473 733 sententiam
493 702 601 743 itaque
622 712 712 731 suam
734 699 887 730 traductis
907 698 1008 729 tribus
1028 697 1171 740 ephoriS,
1201 697 1372 728 Pausanias
1395 709 1469 728 cum
1490 697 1614 739 magnis

285 756 381 798 copiis
402 755 564 797 profectus
582 760 642 793 est,
661 753 756 784 verbo
775 751 906 794 quidem
928 756 1036 781 contra
1056 750 1216 791 populum
1232 762 1289 791 pro
1309 751 1467 792 tyrannis,
1490 761 1524 781 re
1540 750 1615 783 vera

283 815 390 839 autem
414 807 453 838 ad
478 805 755 847 comprimendum
777 804 897 834 bellum
911 827 919 842 ,
945 813 986 833 ne
1008 803 1183 833 amicorum
1209 814 1268 844 ope
1289 803 1429 833 Athenas
1453 803 1560 834 denuo
1581 805 1616 834 in

283 871 372 891 suam
394 859 553 901 redigeret
574 862 761 900 potestatem
783 855 945 898 Lysander
960 855 1019 898 (2).
1045 855 1129 886 Eum
1151 856 1226 886 socii
1247 866 1356 887 omnes
1377 856 1505 899 sequuti
1524 862 1615 896 sunt,

283 919 398 956 praeter
425 912 558 942 Boeotos
582 916 614 941 et
639 909 834 940 Corinthios:
867 909 902 940 hi
928 910 1016 940 enim
1042 908 1185 948 aiebant,
1213 910 1394 941 existimare
1423 921 1476 950 se,
1507 916 1617 941 contra

282 965 489 1011 jurisjurandi
511 965 698 1007 religionem
719 963 886 1002 futurum,
912 964 937 994 si
959 963 1113 995 adversus
1131 963 1342 995 Athenienses
1362 975 1449 995 arma
1478 964 1616 1003 ferrent,

284 1021 340 1063 qui
361 1019 466 1051 foedus
487 1019 676 1060 neutiquam
697 1016 876 1049 violassent.
901 1016 939 1047 Id
959 1028 1033 1048 vero
1055 1016 1126 1047 ideo
1154 1016 1334 1056 faciebant,
1360 1017 1446 1059 quod
1471 1016 1618 1048 animad-

285 1078 463 1112 verterent,
490 1071 572 1104 velle
590 1069 845 1101 Lacedaemonios
867 1080 956 1101 suam
979 1069 1013 1100 in
1035 1075 1223 1112 potestatem
1246 1075 1278 1101 et
1298 1069 1510 1100 obedientiam
1530 1070 1618 1101 redi-

285 1137 360 1170 gere
383 1137 497 1168 agrum
519 1124 674 1155 Atticum.
710 1123 882 1154 Pausanias
906 1123 1006 1165 igitur
1028 1129 1126 1154 castra
1149 1123 1256 1165 posuit
1278 1123 1312 1154 in
1338 1124 1457 1166 campis
1482 1123 1619 1155 litorali-

284 1180 360 1219 bus,
393 1180 532 1210 Piraeum
560 1176 862 1220 circumjacentibus
883 1188 900 1207 a
927 1176 1163 1219 septentrione,
1192 1176 1397 1207 Academiam
1427 1188 1554 1216 versus,
1582 1188 1619 1209 ac

285 1245 386 1265 cornu
400 1232 549 1263 dextrum
561 1232 628 1273 ipse
639 1229 781 1269 tenebat,
794 1229 955 1272 Lysander
966 1240 1042 1259 cum
1053 1228 1266 1270 stipendiariis
1277 1230 1374 1271 copiis
1385 1231 1548 1261 sinistrum
1560 1230 1617 1272 (3).

285 1287 358 1317 Huc
378 1285 511 1316 simulac
537 1285 691 1323 venisset,
717 1282 847 1326 quidam
871 1293 909 1313 ex
926 1281 1148 1324 optimatibus,
1171 1282 1349 1325 Diognetus
1374 1294 1448 1314 cum
1474 1283 1619 1315 Eucratis

287 1345 320 1371 et
343 1339 499 1378 Nicerati‚
526 1350 543 1368 a
563 1337 705 1381 tyrannis
724 1337 915 1375 occisorum,
939 1335 1064 1375 liberis,
1090 1335 1252 1368 advenisse
1272 1336 1406 1376 dicitur,
1428 1343 1460 1367 et
1480 1337 1620 1368 Nicerati

286 1392 351 1425 filio
371 1391 535 1422 Pausaniae
557 1389 692 1433 genibus
713 1390 876 1432 imposito,
899 1388 1025 1420 admoto
1046 1389 1142 1419 etiam
1161 1389 1306 1420 Eucratis
1327 1389 1410 1429 filio,
1433 1391 1501 1432 regi
1524 1396 1621 1422 caete-

287 1446 394 1487 risque
419 1443 614 1475 adstantibus
643 1443 834 1481 narravisse,
861 1441 948 1484 quali
970 1441 1100 1473 fortuna
1121 1442 1215 1484 pueri
1235 1442 1282 1473 illi
1304 1448 1408 1473 essent
1430 1443 1498 1482 usi,
1523 1448 1620 1485 atque

287 1498 495 1529 obsecravisse
517 1497 721 1535 Pausaniam,
746 1501 784 1527 ut
799 1495 960 1537 suppetias
980 1495 1097 1535 ferret,
1123 1507 1159 1526 ac
1178 1507 1288 1538 poenas
1309 1502 1488 1539 reposceret
1507 1495 1546 1527 ab
1566 1497 1620 1536 iis,

257 1592 261 1597 .
288 1551 343 1594 qui
364 1549 521 1593 populum
547 1549 666 1592 injuria
687 1549 915 1591 opprimerent.
947 1549 975 1578 E
1000 1560 1063 1591 quo
1084 1550 1259 1592 praesertim
1285 1555 1428 1591 tempore
1450 1550 1621 1580 Pausanias

288 1604 503 1635 misericordia
524 1603 636 1646 populi
661 1602 777 1634 exsulis
801 1608 983 1645 permotum
1009 1613 1041 1633 se
1064 1603 1226 1644 praestitit,
1261 1608 1357 1644 atque
1387 1602 1465 1633 huic
1493 1601 1621 1633 studere

292 1658 411 1700 eoepit,
435 1658 555 1688 caeteris
580 1656 826 1688 Lacedaemoniis
842 1656 898 1688 has
913 1667 1089 1699 puerorum
1111 1656 1305 1688 calamitates
1325 1661 1489 1698 tamquam
1509 1667 1622 1687 exem—

291 1711 382 1754 plum
413 1711 650 1754 trigintaviralis
674 1710 884 1754 improbitatis
909 1722 1098 1753 proponens.
1131 1710 1215 1740 Hinc
1245 1710 1341 1740 etiam
1371 1709 1494 1740 factum
1522 1709 1621 1740 fuisse

290 1764 435 1803 videtur,
466 1765 550 1807 quod
573 1764 674 1795 oblata
697 1764 755 1795 sibi
780 1776 797 1795 a
827 1765 970 1807 tyrannis
993 1764 1121 1807 hospitii
1146 1763 1228 1794 dona
1252 1763 1397 1805 accipere
1421 1761 1579 1802 noluerit,
1603 1773 1621 1793 a

291 1817 410 1861 populo
436 1828 510 1849 vero
535 1824 567 1849 et
589 1818 751 1850 exsulibus
772 1819 931 1862 acceperit
950 1819 1009 1862 (4).

352 1911 386 1940 (1)
405 1910 516 1940 Xenoph.
534 1911 546 1939 ᾗ
564 1919 600 1940 29·

352 1950 384 1979 (2)
403 1950 513 1979 Xerzoplc.
532 1950 549 1972 l.
565 1950 582 1972 l.
600 1950 678 1972 Diod.
699 1950 759 1972 ibid.
784 1951 853 1974 Plat.
869 1952 886 1974 l.
903 1952 921 1974 l.

350 1991 389 2019 (3)
408 1991 518 2020 Xenoph.
534 1991 546 2020 §
561 1991 598 2013 50.
616 2002 644 2007 —
658 1990 698 2013 Cs.
716 1990 779 2013 idem
795 1992 846 2019 111,
866 1992 892 2020 5,
907 1992 919 2021 ᾗ
937 1992 965 2020 5,
986 1991 1014 2014 de
1033 1990 1167 2018 Thebanis,
1191 1988 1372 2019 corinthiisque
1390 1988 1536 2012 Pausaniam
1557 1989 1628 2020 sequi..

290 2030 436 2053 nolentibus.
712 2031 755 2060 (4)
772 2031 864 2061 Lysias
877 2032 932 2054 ads».
949 2031 1117 2058 Polluchum,
1136 2038 1158 2061 p.
1179 2030 1237 2058 322,
1258 2036 1282 2052 se
1295 2036 1312 2061 q

1804 790 1815 900 -α-φ-«ι-ν,

1794 1264 1808 1362 -Θ-ι-ιι
1800 1220 1808 1258 Α-
1806 1207 1809 1211 ,

1791 1847 1794 1852 ⁴
1788 1674 1801 1841 nou-‘up
1791 1622 1802 1673 ῃ
1791 1578 1795 1585 ”
