1820 2568
891 197 907 239 (
934 208 970 229 ¹2
993 196 1009 240 )

287 278 357 308 miae
377 285 541 318 pompam,
562 274 596 304 in
616 273 796 304 scholarum
813 272 926 310 decus,
948 271 981 301 in
1002 271 1101 314 ipsius
1120 270 1208 302 urbis
1224 277 1447 303 ornamentum
1469 272 1614 304 exstruc-

285 337 345 367 tas,
367 329 656 370 columnarumque
678 327 799 358 ratione
821 325 1021 364 harmonica,
1048 326 1189 367 porticus
1212 332 1246 356 et
1270 325 1416 358 vestibuli
1443 325 1614 368 dignitate,

283 383 445 426 majestate
469 381 642 419 scalarum,
671 380 881 411 concamerati
909 379 1025 421 fastigii
1054 378 1265 417 sublimitate,
1289 379 1487 422 sculptilium
1512 380 1614 410 omnis

284 437 408 479 generis
430 447 562 478 operum
585 440 751 466 venustate
773 440 804 464 et
825 432 981 475 elegantia
1004 432 1203 474 conspicuas,
1227 443 1336 463 omnes
1355 433 1503 475 civesque
1520 443 1615 475 pere-

284 491 432 533 grinique
455 489 622 519 mirantur.
651 488 709 518 Hic
733 499 791 529 ego
818 498 868 518 nie
892 485 985 518 verba
1012 486 1175 517 facturum
1197 497 1414 528 speraveram3
1443 486 1517 516 binc
1542 497 1615 517 ora-

286 545 378 574 tionis
408 543 572 573 materiam
593 548 817 584 suinpturuui3
847 551 924 579 nec,
961 540 1106 582 quamvis
1135 539 1278 571 tantulus
1307 540 1339 570 in
1364 545 1450 570 tanto
1473 540 1613 578 theatro,

283 597 421 639 indignis
449 596 578 626 forsitan
611 594 757 625 laudibus
787 600 818 624 et
846 593 1065 624 Architectum
1093 593 1339 632 decoravissem,
1364 594 1421 635 qui
1448 593 1510 623 tale
1535 604 1614 635 opus

284 651 435 692 suscepit,
461 655 493 679 et
514 648 714 691 Sculptorem
737 648 792 689 qui
815 646 956 683 ornavit,
980 652 1012 676 et
1032 645 1233 688 Magistratus
1258 647 1314 689 qui
1333 652 1466 688 sumptu
1487 646 1615 689 publico

283 704 418 748 jussere,
442 708 474 733 et
494 703 599 744 ipsum
621 701 760 743 deniqne
785 701 904 741 Regem
928 700 1204 741 augustissimum,
1226 711 1290 742 quo
1309 705 1473 730 annuente
1490 706 1523 730 et
1540 711 1615 730 aus-

283 758 371 800 pice,
393 757 462 787 liaec
486 757 591 787 omnia
614 756 756 796 incepta,
780 754 941 796 perfecta,
970 752 1112 783 absoluta
1136 759 1222 784 sunt.
1247 753 1336 791 Quid
1362 759 1470 784 autem
1495 753 1613 796 Regem

282 811 352 841 dico
374 816 516 839 nostrum
536 806 823 850 augustissimum?
848 806 917 836 Non
943 805 1021 834 meis
1042 804 1096 834 ille
1115 805 1219 836 verbis
1238 804 1385 836 laudatus
1406 811 1496 836 esset.
1522 806 1616 837 Unus

280 875 321 894 ex
344 864 380 893 iis
401 862 541 892 doctrina
559 860 633 891 olim
653 866 685 890 et
705 859 874 890 autoritate
896 856 1118 900 praestaniibus
1139 858 1228 897 viris,
1251 869 1390 901 quorum
1410 870 1473 889 ossa
1497 870 1534 890 eo
1549 859 1616 902 ipso

283 918 350 948 loco
373 916 493 959 jacent,
515 927 579 958 quo
598 915 695 945 fasces
715 912 910 944 academicos
934 911 1135 953 depositurus
1155 922 1260 950 eram,
1283 912 1456 954 Gregorius
1469 923 1485 943 a
1501 912 1615 943 Sancto

282 971 454 1001 ¹Vincentio
479 969 543 1010 (1),
572 968 709 999 effractis
734 967 837 997 subito
863 964 980 996 tumuli
1007 965 1226 1008 compagibus,
1251 967 1285 996 in
1312 971 1517 1008 conspectum
1542 977 1617 996 nos-

282 1031 370 1056 trum
392 1023 545 1060 xetiisset,
572 1020 734 1065 majestate
757 1030 868 1050 manus
890 1018 1052 1049 silentium
1072 1018 1211 1057 fecisset,
1233 1018 1466 1060 hominumque
1482 1025 1513 1049 et
1532 1025 1617 1050 tem-

283 1090 397 1121 porum
424 1076 658 1119 comparatione
679 1074 778 1110 sacta,
803 1084 865 1103 non
889 1072 1042 1114 potuisset
1061 1072 1094 1102 iu
1116 1073 1310 1115 magnanimi
1334 1073 1486 1115 principis
1505 1072 1614 1104 laudes

280 1144 346 1162 ‹non
380 1141 559 1172 erumpere.
592 1128 713 1159 Audire
740 1127 830 1158 illum
864 1126 942 1156 niibi
976 1124 1100 1164 videor,
1132 1131 1164 1156 et
1193 1126 1384 1157 Ferdinandi
1413 1126 1552 1157 Secundi
1584 1132 1616 1156 et

280 1184 423 1226 Philippi
449 1183 563 1221 Quarti
587 1181 729 1224 neglecta
757 1181 925 1217 memoria,
948 1178 1164 1210 admirationis
1186 1186 1219 1211 et.
1239 1181 1428 1211 reverentiae
1442 1180 1614 1222 specimina

280 1238 362 1279 *Regi
390 1236 594 1267 exhibentem
618 1236 690 1278 qui,
720 1235 982 1277 paucissimorum
1013 1244 1171 1265 annorum
1200 1235 1316 1276 spatio,
1347 1233 1493 1275 quamtis
1519 1232 1614 1264 rebus

285 1291 372 1322 duris
391 1297 423 1321 et
440 1291 579 1321 novitate
604 1290 693 1331 regni
717 1288 906 1330 unmahtim,
933 1286 1114 1318 utilioribus
1132 1288 1267 1330 patriam
1291 1287 1524 1325 monumentis,
1548 1287 1616 1317 uti-

279 1343 414 1374 lim-ibus
444 1344 597 1374 institutis
622 1343 764 1373 disiimit
789 1347 821 1371 et
841 1340 1065 1382 locupletavit,
1097 1352 1192 1383 quani
1217 1352 1309 1383 quae,
1336 1340 1386 1371 vel
1410 1339 1469 1370 snb
1499 1346 1613 1382 poten-

286 1399 396 1429 tisimis
411 1397 607 1440 Burgundiae
623 1396 784 1435 Ducibus,
809 1405 946 1425 masinae
972 1393 1128 1424 celebrata
1152 1400 1244 1425 sunt:
1266 1394 1339 1436 qui,
1365 1392 1514 1424 subversa
1537 1393 1615 1423 fun-

280 1447 369 1481 'ditus
395 1452 536 1493 Europa,
560 1462 576 1480 a
599 1451 664 1480 suis
686 1448 877 1491 aliquandiu>
896 1448 1081 1487 distractus,
1101 1460 1181 1487 non,
1206 1448 1286 1479 exul·
1303 1447 1472 1490 inglorius,
1498 1447 1531 1477 in
1553 1448 1613 1477 otia

284 1515 392 1535 secura
411 1504 552 1540 recessit,
571 1503 642 1542 sed,
668 1514 728 1534 nec
753 1503 887 1545 patriani
911 1513 970 1532 nec
990 1501 1123 1544 majores
1145 1501 1280 1539 obhtus,
1306 1500 1396 1531 sortis
1409 1507 1440 1531 et
1455 1501 1614 1530 animosus

285 1558 318 1587 in
349 1556 443 1587 rebus
477 1557 618 1598 angustis
645 1556 810 1598 apparuit:
837 1557 911 1598 qui,
939 1561 1105 1586 revocatus
1130 1556 1164 1586 in
1186 1555 1285 1585 avitos
1306 1554 1458 1592 bonores,
1491 1558 1615 1596 sceptra

285 1621 347 1640 non
366 1615 438 1639 ante
463 1610 584 1651 recepit
599 1620 695 1651 quain
715 1619 748 1639 se
770 1619 909 1650 suosque
927 1607 1051 1646 volens,
1070 1613 1163 1649 pacto
1183 1607 1329 1646 solemni,
1350 1607 1614 1649 sanctissimisque

288 1662 410 1704 legibus
435 1661 617 1704 obligasset:
644 1663 716 1704 qui,
746 1662 933 1704 ignorantiae
951 1667 984 1691 et
1003 1661 1178 1702 impietatis.
1191 1671 1277 1699 osor,
1301 1660 1493 1691 liberaliores
1518 1659 1614 1691 disci·-

287 1717 404 1759 plinas,
430 1716 591 1758 dignitatis
612 1727 676 1747 suae
696 1722 727 1746 et
746 1715 883 1758 publicae
906 1714 1065 1746 felicitatis
1084 1714 1331 1745 fundamentum
1353 1720 1455 1752 ratus,
1470 1724 1486 1743 a
1502 1713 1614 1743 creatis

345 1840 377 1868 (i)
395 1840 497 1867 Eodem,
516 1847 563 1870 qno
577 1844 704 1865 steterant,
721 1840 787 1867 loco,
807 1839 979 1862 monasieuinm
995 1844 1018 1862 et
1032 1845 1186 1870 gymnasium
1203 1837 1323 1860 societatis
1339 1837 1405 1863 lesu,
1419 1837 1541 1860 Clemente
1553 1836 1613 1859 XIV

284 1883 309 1901 et
326 1885 412 1909 magna
431 1879 542 1901 'theresia
563 1879 730 1909 regnantibus,
754 1879 879 1906 extinctae,
903 1879 1020 1901 a-diflcaia
1045 1883 1079 1901 est
1096 1878 1160 1901 Auta
1180 1877 1337 1904 Academica,
1358 1878 1427 1906 cujus
1447 1877 1492 1904 rei,
1514 1881 1542 1899 ut
1560 1884 1614 1899 vem

286 1918 462 1945 memorabilis,
481 1919 584 1945 mentio,
604 1918 708 1948 principi
726 1919 783 1941 aedis
798 1919 875 1949 lapidi
891 1919 1004 1949 inscripta
1020 1923 1063 1941 est.
1084 1919 1129 1941 Hic
1144 1917 1169 1942 P.
1191 1918 1309 1948 Gre‘golre
1323 1918 1354 1939 de
1371 1918 1396 1939 S·
1414 1918 1536 1943 Vinceut,
1551 1916 1614 1939 iuter

286 1958 365 1980 saeculi
381 1957 453 1980 xvii
469 1957 652 1979 mathematicos
667 1957 826 1987 clarissimus,
845 1965 916 1989 quein
932 1963 953 1981 et
971 1958 1060 1981 Newto
1073 1963 1096 1982 et
1111 1957 1245 1981 Leibuiiius
1257 1957 1371 1982 laudibus
1385 1957 1536 1985 extulerunt,
1550 1957 1614 1979 diem

285 1997 346 2020 obiit
364 2004 428 2019 anuo
448 1997 516 2026 1647,
533 2001 556 2020 et
570 1996 677 2027 sepultus
691 2002 734 2020 est.
