1763 2511
859 167 976 209 (74)

206 257 210 260 ·
256 243 294 274 ad
316 241 504 273 diluendum
531 242 652 272 crimen
677 247 709 272 et
734 240 905 272 tollendam
933 240 983 273 vel
1008 240 1215 284 mitigandam
1245 252 1392 284 poenam,
1423 242 1490 273 sine
1516 243 1589 276 dolo

255 297 331 326 facti
385 295 434 327 vel
486 294 657 336 inculpatae
705 294 813 326 tutelae
857 295 1079 337 exceptionem
1127 294 1254 339 adjiciat
1297 295 1396 338 (quae
1436 296 1589 328 confessio

254 350 371 381 dicitur
400 350 565 385 limitata,
589 349 781 386 vinculata,
806 349 858 381 vel
883 349 1121 391 qualificata),
1144 349 1319 391 quaeritur,
1347 360 1386 379 an
1413 348 1482 379 talis
1512 361 1590 380 con-

254 404 346 434 fessio
370 404 412 434 ita
438 403 535 435 dividi
559 403 670 446 possit,
694 408 732 433 ut
756 403 894 445 priorem
916 407 1040 444 partem
1063 408 1207 444 acceptet
1230 408 1408 441 aecusator,
1435 403 1590 444 posterio-

254 468 320 488 rem
348 456 507 499 repudiet.
535 457 575 487 Et
600 455 824 498 distinguendo
853 454 1111 497 respondendum
1134 455 1273 486 videtur.
1311 455 1392 486 Nam
1417 456 1442 486 si
1466 455 1588 487 sactum

255 510 293 541 de
314 522 377 553 quo
404 522 477 541 reus
499 511 684 549 confitetur,
707 509 832 540 indiciis
857 514 889 539 et
910 508 1156 540 circumstantiis
1172 508 1301 540 aliunde
1316 510 1486 552 exploratis
1511 521 1590 541 con-

255 565 417 595 firmatum
440 570 500 604 est,
522 563 604 595 nihil
622 563 772 606 impedit,
796 562 968 605 quominus
989 561 1121 594 admissa
1143 561 1357 601 consessione,
1378 563 1590 593 excusationis

255 618 331 649 fides
356 618 476 649 tamdiu
503 617 733 660 suspendatur,
759 616 860 647 donec
875 616 942 658 ipse
965 626 1039 646 reus
1063 626 1132 646 eam
1155 614 1354 657 probaverit,
1377 627 1436 646 nec
1452 616 1589 659 amplius

254 678 433 715 quaeratur,
455 684 495 702 au
516 672 639 702 factum
660 670 838 707 admiserit,
864 669 919 699 sed
943 680 982 699 an
1009 668 1080 698 dolo
1102 668 1184 699 malo
1206 667 1380 699 admiserit.
1397 670 1484 700 Alias
1503 671 1588 701 enim

254 725 444 767 delinquens
474 726 516 755 ita
547 723 727 755 confitendo
754 721 969 752 conditionem
1001 732 1090 751 suam
1120 721 1286 753 meliorem
1319 721 1468 753 redderet
1497 729 1529 753 et
1556 734 1588 754 se

255 778 451 808 confessione
473 777 623 815 limitata,
649 781 804 817 tanquam
827 773 1001 804 certissimo
1017 773 1154 816 quodam
1172 774 1301 817 clypeo,
1318 775 1468 806 adversus
1484 774 1589 818 legem

255 836 410 862 tueretur.
436 829 497 860 Sed
510 830 535 860 si
553 840 648 860 nemo
667 834 777 860 contra
796 838 888 858 reum
905 832 1055 866 testatur,
1072 828 1132 858 nisi
1151 823 1217 871 ipse
1239 839 1329 868 reus,
1353 829 1589 871 iniquissimum

254 884 336 915 foret
361 884 525 915 confitenti
548 883 697 922 credere,
727 881 901 924 excipienti
921 892 986 911 non
1008 880 1148 912 credere.

298 937 330 967 Si
350 937 454 968 Titius
475 948 579 968 coram
603 936 711 980 judice
730 941 864 966 testatur
883 934 1044 977 impetum
1063 934 1096 964 in
1114 945 1147 965 se
1163 946 1229 966 esse
1244 935 1384 976 factum,
1407 935 1485 967 dum
1506 935 1590 967 solus

253 1003 311 1034 per
337 991 448 1023 silvam
475 991 657 1030 incederet,
683 1001 797 1033 seque,
827 995 864 1021 ut
887 989 1058 1020 imminens
1084 989 1157 1020 vitae
1183 989 1365 1030 periculum
1395 989 1590 1032 depelleret,

253 1044 417 1076 hominem
442 1044 655 1084 interfecisse,
682 1043 760 1087 quid
787 1043 1013 1082 inhumanius,
1038 1043 1116 1085 quid
1140 1043 1240 1085 magis
1260 1055 1277 1074 a
1303 1042 1422 1087 justitia
1447 1043 1590 1075 alienum

254 1098 338 1129 foret
360 1110 457 1141 quam
477 1097 546 1141 ejus
568 1098 799 1129 confessionem
826 1103 979 1140 tanquam
1004 1095 1133 1139 plenam
1157 1096 1264 1127 delicti
1288 1096 1508 1139 probationem
1532 1097 1590 1127 ad-

253 1152 397 1191 mittere,
425 1152 586 1194 simulque
611 1151 658 1182 illi
679 1151 852 1194 inculpatae
880 1151 990 1182 tutelae
1018 1151 1238 1194 probationem
1264 1150 1456 1195 injungere,
1486 1162 1590 1194 quum

254 1205 335 1236 nulli
362 1211 455 1236 testes
477 1206 657 1244 adfuerint,
689 1217 768 1248 quos
796 1217 853 1248 pro
880 1217 912 1237 se
935 1205 994 1236 sibi
1015 1206 1109 1248 possit
1135 1204 1299 1237 advocare.
1335 1205 1372 1235 In
1399 1204 1455 1236 tali
1480 1205 1590 1247 itaque

255 1270 330 1289 casu
357 1257 455 1302 judex
484 1258 714 1289 confessionem
738 1265 770 1289 et
796 1259 1033 1290 excusationem
1059 1258 1129 1300 pari
1157 1258 1218 1289 fide
1246 1259 1400 1300 accipiet,
1428 1258 1488 1289 nisi
1515 1268 1591 1290 vero

255 1317 418 1343 accusator
440 1323 479 1342 ex
501 1312 746 1342 circumstantiis
764 1312 816 1343 vel
836 1311 967 1343 aliunde
985 1311 1124 1354 probatis
1146 1310 1196 1343 vel
1217 1310 1256 1341 ab
1276 1311 1343 1353 ipso
1366 1322 1420 1341 reo
1440 1311 1591 1341 confessis

254 1365 388 1407 probare
403 1365 514 1407 possit,
530 1375 621 1395 reum
640 1365 731 1395 istam
749 1365 868 1396 caedem
883 1377 947 1396 nou
968 1365 1006 1396 ad
1028 1364 1279 1407 propulsandum
1298 1364 1371 1396 vitae
1392 1363 1590 1406 periculum,

254 1419 308 1450 sed
331 1419 370 1449 ad
391 1418 549 1461 explenda
571 1418 754 1450 detestanda
780 1431 835 1450 sua
858 1419 987 1450 consilia
1012 1418 1183 1449 admisisse.

298 1474 345 1503 Ex
366 1484 403 1504 eo
424 1473 523 1514 igitur
543 1478 649 1514 patet,
672 1473 831 1515 quomodo
855 1472 1039 1515 accipienda
1064 1473 1104 1502 sit
1124 1483 1160 1502 ea
1182 1470 1293 1513 regula
1314 1469 1405 1512 quod
1426 1470 1459 1500 in
1475 1471 1589 1501 causis

255 1526 412 1557 civilibus
430 1524 654 1568 confessiones
681 1525 788 1556 dividi
813 1526 1025 1566 nonpossint
1039 1524 1105 1567 (1),
1134 1525 1169 1554 in
1185 1523 1418 1554 criminalibus
1433 1524 1591 1564 possint,-

255 1591 326 1623 quae
346 1578 455 1621 regula
476 1579 509 1609 iu
530 1584 701 1621 utramque
723 1585 845 1621 partem
869 1580 1007 1610 nimium
1033 1578 1225 1622 generaliter
1247 1583 1400 1620 concepta
1421 1583 1478 1608 est.
1508 1577 1589 1609 Nam

255 1635 287 1664 in
311 1635 411 1665 causis
431 1632 578 1666 civilibus
599 1633 810 1665 confessiones
829 1633 930 1666 dividi
951 1639 1099 1677 possunt,
1121 1633 1146 1664 si
1167 1643 1240 1675 pars
1259 1630 1329 1675 ejus
1344 1631 1430 1674 quod
1451 1642 1525 1663 reus
1539 1631 1592 1663 fa-

256 1693 357 1727 tetur,
382 1686 444 1731 jam
466 1698 503 1718 ex
518 1686 586 1718 aliis
600 1688 798 1730 argumentis
817 1693 850 1719 et
865 1686 1104 1730 probationibus
1123 1691 1261 1726 constat;
1284 1691 1381 1728 atque
1399 1695 1439 1716 ex
1459 1684 1588 1717 adverso

254 1741 289 1771 in
304 1741 520 1772 criminalibus
535 1752 599 1772 nou
616 1747 762 1783 possunt,
783 1743 808 1772 si
827 1741 860 1773 id
877 1741 963 1784 quod
980 1741 1177 1773 consessione
1193 1739 1391 1778 continetur,
1410 1737 1508 1782 judex
1525 1749 1589 1769 nou

255 1793 384 1825 aliunde
405 1805 500 1836 quam
521 1806 562 1825 ex
589 1795 767 1826 confitentis
788 1806 842 1826 ore
863 1796 1034 1838 cognoscit.

317 1908 349 1938 (ι)
367 1907 421 1930 Art.
440 1907 507 1935 1356,
527 1908 553 1930 C.
568 1908 593 1930 C.
610 1908 688 1932 l'aveu
703 1909 829 1939 judiciaire
846 1918 875 1933 ne
886 1915 943 1941 peut
958 1910 1007 1933 &tre
1024 1910 1101 1933 divise
1112 1914 1194 1932 contre
1211 1907 1272 1932 celui
1283 1907 1325 1938 qui
1341 1907 1371 1930 l'a
1385 1906 1440 1929 fait.
1455 1918 1480 1923 —
1498 1905 1589 1929 Malth-

257 1953 274 1972 t.
296 1949 335 1978 16,
356 1956 377 1971 cf
397 1956 404 1970 1
416 1965 422 1977 ,
440 1948 503 1977 §2o.
517 1960 546 1965 —
559 1948 671 1972 Cremani
688 1949 714 1972 in
729 1950 776 1973 fine
791 1958 844 1981 cap.
863 1959 905 1982 27,
924 1951 955 1974 R.
973 1959 1010 1974 21.
1028 1963 1058 1969 -
1074 1950 1142 1974 Haus
1159 1949 1237 1979 §380.
