1820 2568
762 237 882 279 (55)

146 324 206 355 loci
230 320 339 353 Lrsme
358 321 391 351 in
410 320 499 350 Orat.
522 316 652 358 Apolog.
676 313 715 343 de
734 311 896 354 affectata
918 308 1111 351 tyrannide,
1141 319 1172 350 p.
1203 306 1265 339 773
1289 305 1339 337 ed.
1359 304 1480 336 Reisk.:

146 379 180 408 in
202 387 283 418 quo,
304 375 360 417 qui
379 384 411 403 se
430 372 474 402 ibi
492 367 636 401 defendit
655 366 694 397 de
715 366 769 403 iis,
795 374 868 407 quae
888 363 990 405 egerit
1010 361 1069 392 sub
1092 361 1191 392 XXX
1210 361 1351 392 virorum
1370 365 1482 402 tyran-

147 429 238 468 nide,
264 429 366 471 primo
387 426 455 456 loco
477 423 569 461 dicit,
595 432 628 452 se
652 419 815 450 neminem
839 418 872 448 in
894 415 1075 458 catalogum
1098 414 1342 445 Atheniensium
1366 423 1480 443 recen-

149 484 264 514 suisse:
289 479 373 524 quod
401 476 544 509 Reiskius
564 474 665 506 refert
688 472 727 503 ad
747 482 868 502 rnorem
889 468 1109 512 improborum
1138 466 1350 510 quorumdem
1375 471 1481 497 orato-

149 546 244 573 rum,
277 533 333 576 qui
366 535 505 573 quaestus
540 526 678 559 faciendi
707 536 815 556 caussa
846 523 1031 566 peregrinos
1062 521 1230 558 homines,
1266 526 1321 551 aut
1357 530 1483 557 servos,

150 587 266 618 aliosve
285 584 404 617 vilioris
427 582 615 614 conditionis
638 580 719 611 clam
743 579 778 609 in
800 577 909 609 album
939 576 1058 608 civium
1083 575 1282 617 ingererent,
1309 574 1410 615 iisque
1436 571 1486 615 jus

150 639 284 671 civitatis
309 636 444 676 Atticae,
474 635 573 666 inscio
597 640 630 665 et
654 633 755 665 invito
780 631 899 674 populo
925 628 1127 666 Atheniensi,
1162 626 1348 658 venderent.
1386 625 1485 667 Atqui

148 691 230 723 illud
255 696 400 733 tempore
424 688 606 732 oligarchiae
627 694 692 718 tam
713 698 797 730 saepe
823 697 885 718 usu
910 685 1033 717 venisse
1058 692 1217 724 nusquam
1240 680 1389 711 refertur.
1415 678 1486 708 Non

149 745 249 788 igitur
281 755 388 775 caussa
417 748 503 782 erat,
533 754 591 773 cur
619 752 652 772 se
675 742 778 784 primo
801 739 873 771 loco
900 738 939 769 ab
963 738 1023 768 hoc
1053 735 1186 766 crimine
1212 737 1365 775 purgaret
1392 741 1485 769 reus3

151 804 260 829 contra
284 807 438 838 magnum
463 796 527 826 fuit
551 795 691 833 crimen,
718 793 857 832 efficere,
881 798 919 823 ut
942 791 1014 834 quis
1034 801 1073 821 ex
1098 787 1251 831 Lysandri
1277 784 1376 816 MMM
1400 789 1488 814 cata-

152 850 224 892 logo
241 854 499 891 expungeretur‚
515 847 550 878 in
568 847 705 878 alterum
726 846 972 883 transferretur,
995 849 1091 885 atque
1107 842 1150 872 sic
1170 846 1379 883 tyrannorum
1401 836 1488 867 arbi-

152 904 213 934 trio
231 902 450 933 crudelissimo
466 900 714 943 relinqueretur.
734 899 887 942 Opinioni
902 908 985 929 meae
1002 897 1134 938 insuper
1151 894 1258 925 favere
1270 891 1350 923 mihi
1361 890 1489 923 videtur

153 957 284 987 omissus
304 955 337 986 h.
363 955 385 985 l.
414 953 568 985 articulus
592 956 667 994 75113
689 953 762 984 dein
781 952 909 991 dubito,
936 962 976 981 an
997 949 1084 981 notin
1108 947 1195 980 verbi
1216 945 1403 988 καταλέγειν
1430 943 1490 974 ali-

152 1009 232 1052 quid
252 1008 441 1052 adjunctum
463 1006 595 1046 habeat,
616 1006 702 1049 quod
718 1005 799 1036 clam
820 1006 892 1044 fiat3
915 1015 975 1034 nec
994 1003 1133 1044 denique
1153 1011 1279 1032 necesse
1300 1005 1346 1030 est
1366 997 1491 1038 ἀνάξιον

152 1063 203 1095 vel
225 1062 432 1101 ἀνεπιτήδειον
457 1072 532 1092 cum
553 1061 590 1090 R.
614 1060 667 1090 hic
688 1060 839 1089 inserere.

195 1127 279 1157 Sect.
312 1125 367 1156 II.
406 1124 486 1164 Cap.
523 1122 556 1153 I.
581 1133 621 1163 p.
657 1121 712 1153 29.
750 1120 801 1151 Me
829 1120 916 1162 fugit
939 1119 1027 1151 Iocus
1052 1119 1230 1149 Pmmncffl
1261 1117 1295 1147 in
1330 1115 1487 1146 Themist.

153 1192 185 1223 p.
208 1181 282 1211 121.
308 1178 384 1210 edit.
408 1176 574 1215 Francos„
596 1175 770 1213 narrantis,
791 1174 892 1205 XXX
913 1179 1078 1216 tyrannos,
1104 1182 1168 1214 quo
1186 1170 1321 1209 melius,
1343 1168 1493 1200 Lacedae-

152 1232 334 1264 moniorum
356 1230 494 1261 consiliis
512 1229 737 1268 inservientes,
762 1228 1009 1259 Atheniensium
1031 1225 1151 1256 animos
1171 1236 1188 1255 a
1208 1223 1304 1255 rebus
1325 1222 1491 1254 maritimis

154 1291 338 1324 avocarent,
370 1289 403 1315 et
420 1284 459 1315 ad
480 1284 548 1326 agri
570 1282 694 1313 colendi
710 1282 852 1313 studium
873 1281 1082 1318 inclinarent,
1108 1278 1201 1321 βῆμα
1220 1278 1285 1308 sive
1306 1281 1492 1319 suggestum

153 1340 186 1370 in
206 1339 331 1381 Pnyce,
353 1348 393 1368 ex
415 1348 479 1379 quo
500 1335 638 1368 or'atores
657 1335 696 1366 ad
715 1335 873 1378 populum
894 1334 989 1367 verba
1012 1334 1116 1365 facere
1137 1331 1295 1369 solebant,
1327 1342 1430 1372 quum
1454 1328 1492 1360 ad

154 1403 241 1424 mare
260 1396 433 1435 spectaret,
455 1397 574 1422 terram
597 1401 705 1422 versus
723 1389 931 1429 convertisse3
953 1386 1080 1430 putasse
1101 1385 1204 1424 enim,
1230 1384 1403 1427 imperium
1423 1393 1492 1412 ma-

155 1446 300 1477 ritimum
327 1456 434 1475 ansam
465 1443 540 1475 dare
567 1442 787 1483 democratiae,
817 1442 1023 1486 oligarchiam
1053 1451 1129 1472 vero
1156 1439 1265 1470 minus
1297 1447 1379 1480 aegre
1409 1436 1493 1467 ferre

156 1497 318 1541 agricolas.

206 1551 287 1592 Cap.
313 1550 392 1581 III.
413 1561 452 1591 p.
482 1548 535 1581 35.
570 1550 618 1580 De
642 1549 726 1588 viso,
756 1548 842 1591 quod
872 1546 1073 1591 Thrasybulo
1105 1547 1139 1576 in
1171 1546 1286 1575 itinere
1326 1542 1427 1585 Phyle
1448 1542 1492 1572 jn

158 1604 297 1635 Piraeum
319 1604 523 1645 apparuerit,
547 1603 634 1645 apud
655 1603 810 1634 CLEMENT.
830 1602 1008 1632 ALEXANDR.
1033 1600 1187 1630 Stromat.
1212 1597 1244 1627 I.
1267 1608 1298 1639 p.
1319 1596 1393 1635 348.
1414 1595 1490 1626 edit.

158 1657 266 1688 Lutet.
290 1656 394 1688 1629:
419 1667 479 1687 nec
500 1667 566 1686 non
588 1655 627 1686 de
646 1657 783 1696 somnio,
810 1655 895 1699 quod
910 1654 1074 1692 habuerit,
1096 1651 1192 1695 apud.
1210 1651 1345 1681 Dionen.
1363 1661 1394 1692 p.
1410 1649 1491 1688 3773

159 1709 298 1748 referre,
314 1720 418 1751 operae
432 1709 573 1750 pretium
584 1720 648 1739 non
664 1708 761 1740 duxi:
779 1720 867 1740 nunc
883 1715 990 1739 tamen
1007 1717 1138 1744 moneo,
1153 1715 1194 1735 ne
1212 1704 1357 1746 ignorare
1373 1701 1492 1733 videar.

208 1762 318 1803 Caput
339 1761 417 1792 III.
444 1761 710 1792 WYTTENBACfflUs
730 1761 770 1792 V.
793 1761 828 1791 C.
855 1760 962 1791 saeculi
985 1757 1194 1802 praecedentis
1215 1757 1277 1787 fine
1299 1761 1430 1798 questus
1446 1759 1493 1785 est

160 1815 195 1847 in
215 1815 334 1846 Select.
358 1814 474 1845 Princ.
496 1814 593 1844 Hist.
619 1813 730 1857 ibique
753 1814 788 1845 in
812 1815 947 1846 Annot.
972 1813 1020 1845 ad
1038 1811 1191 1852 Xenoph.
1213 1822 1245 1853 p.
1266 1809 1341 1849 417.
1362 1808 1411 1839 ed.
1430 1819 1491 1839 sec.

161 1868 278 1900 harum
302 1878 412 1899 rerum
444 1866 669 1910 geographiam
701 1878 764 1899 non
800 1867 970 1910 diligenter
1000 1875 1178 1908 expressam
1209 1873 1275 1894 esse
1309 1862 1344 1892 in
1377 1860 1492 1893 tabulis

161 1921 381 1960 Athenarum,
405 1920 515 1959 Piraei,
542 1920 723 1964 Munychiae
749 1927 782 1952 et
804 1921 983 1952 vicinorum
1006 1919 1166 1956 locorum3
1194 1916 1249 1947 sed
1268 1915 1329 1946 hoc
1350 1920 1493 1957 tempore

161 1973 304 2018 querelae
321 1975 388 2006 istae
411 1973 507 2017 longe
527 1972 590 2018 jam
614 1980 689 2006 sunt
716 1973 868 2014 sublatae,
898 1973 983 2017 quod
1007 1971 1184 2015 praesertim
1214 1964 1389 2012 Anglorum
1417 1967 1490 1997 dili—

161 2028 268 2070 gentia
286 2033 319 2060 et
339 2026 495 2060 industria
514 2027 637 2060 factum
659 2033 716 2060 est.
744 2028 904 2071 Imprimis
922 2027 1000 2059 huic
1020 2026 1067 2058 rei
1086 2025 1119 2056 in
1140 2023 1253 2066 Anglia
1274 2022 1490 2063 maximopere
