1763 2511
898 182 1016 223 (50)

330 260 523 300 Quanquam
550 267 591 286 ne
621 256 702 298 ipsos
728 255 857 298 quidem
886 255 1114 287 condemnatos
1142 255 1270 299 jurandi
1300 257 1485 288 necessitate
1513 260 1610 290 eximi

287 311 400 350 velim,
423 311 543 353 quippe
564 321 634 352 quae
656 310 821 340 necessitas
840 307 1011 351 aliquando
1030 308 1251 349 saluberrima,
1274 309 1422 341 damnosa
1443 310 1609 352 nunquam

285 376 349 396 esse
372 370 486 407 potest.
521 363 587 394 Nec
611 363 684 405 quia
708 363 849 394 testantis
871 362 947 393 fides
967 362 1138 394 admodum
1162 362 1268 394 labare
1293 362 1436 402 videtur,
1465 363 1537 394 ideo
1558 374 1610 394 re—

286 417 480 449 movendum
502 423 548 448 est
567 416 749 459 praesidium
771 427 834 458 quo
855 416 912 445 ista
933 416 1032 458 magis
1051 417 1210 454 firmetur,
1229 428 1329 458 quum
1350 416 1455 459 potius
1475 427 1556 448 nova
1572 416 1611 447 ad

284 482 353 502 eam
378 470 562 513 erigendam
589 468 796 512 excogitanda
818 468 924 499 forent
947 469 1098 500 remedia.
1129 469 1305 508 Caeterum,
1335 470 1441 511 quoad
1466 469 1612 501 admoni-

285 525 377 554 tionis
400 524 572 562 effectum,
603 534 678 554 eum
699 521 831 564 perinde
854 520 1009 552 obtinebis
1031 521 1188 565 jubendo,
1214 527 1252 552 ut
1276 523 1399 564 quoties
1424 524 1509 554 testis
1534 535 1611 554 con-

285 577 453 607 demnatus
482 576 696 619 producetur,
730 576 822 605 toties
845 573 944 617 judex
972 573 1012 605 de
1041 574 1109 618 ejus
1134 574 1396 606 condemnatione
1422 576 1610 616 edoceatur,

284 629 556 672 quemadmodum
578 635 635 660 art.
658 628 720 660 323
744 639 819 660 eum
842 628 967 659 edoceri
987 627 1077 671 jubet
1095 628 1134 659 de
1152 627 1332 659 conditione
1354 628 1500 660 delatoris
1524 629 1611 660 ordi—

284 684 365 714 narii
391 695 496 714 coram
517 683 584 725 ipso
606 682 824 714 testimonium
847 681 975 712 dicturi.

327 729 453 777 Loquor
475 735 514 765 de
536 735 767 772 condemnatis,
793 745 857 764 non
878 733 917 763 de
938 731 1124 763 minoribus.
1144 732 1276 763 Prorsus
1293 733 1380 763 enim
1400 743 1525 764 necesse
1544 741 1611 765 erat

283 793 402 818 certam
424 793 549 818 aetatem
566 792 723 824 statuere,
742 786 826 816 infra
843 796 941 827 quam
957 783 1182 828 jusjurandum
1197 785 1284 828 exigi
1297 796 1362 816 non
1375 791 1489 828 posset.
1511 785 1612 817 Aliter

283 839 371 870 nulla
395 839 477 869 foret
497 839 592 878 ratio,
616 850 674 869 cur
689 849 753 869 non
772 838 867 869 etiam
885 849 901 868 a
918 849 1018 880 puero
1034 839 1234 881 exigeretur,
1256 850 1332 870 cum
1352 844 1459 870 tamen
1474 839 1611 870 maxime

283 893 456 924 ridiculum
479 899 512 923 et
535 892 747 935 irreligiosum
764 892 846 923 foret
867 891 907 922 ad
928 891 1135 935 jurisjurandi
1150 891 1336 935 religionem
1355 892 1449 924 illum
1465 892 1611 935 adigere,

284 948 341 990 qui
365 946 509 978 nondum
530 945 599 989 ejus
619 946 806 989 gravitatem
828 945 1034 989 intelligeret.

888 1050 911 1092 g
956 1050 1010 1081 26.

627 1147 684 1178 De
707 1146 879 1189 requisitis
905 1146 1040 1177 testium
1062 1148 1256 1178 accessor-is.

759 1230 794 1258 1⁰
822 1229 879 1259 De
898 1240 919 1270 J
925 1227 1137 1271 u1·ejurando.

328 1324 438 1362 Quum
462 1323 633 1354 testimonii
662 1321 833 1366 cujuslibet
854 1322 1010 1364 perfectio
1032 1333 1069 1353 ea
1089 1322 1208 1365 triplici
1229 1321 1409 1353 conditione
1436 1324 1610 1354 necessario

284 1377 477 1416 absolvatur,
497 1377 521 1407 si
540 1377 627 1407 testis
646 1376 728 1407 illud
746 1376 785 1407 de
806 1387 870 1418 quo
890 1381 1026 1407 testatur
1044 1386 1156 1407 revera
1176 1381 1357 1419 cognoscat,
1377 1381 1410 1407 et
1429 1375 1510 1406 illud
1526 1374 1613 1418 quod

284 1430 458 1473 cognoscit,
480 1440 519 1460 ex
540 1430 638 1460 animi
660 1429 851 1460 conscientia
870 1429 1031 1461 declarare
1044 1429 1206 1469 intendat,
1230 1435 1263 1460 et
1277 1429 1363 1472 quod
1384 1428 1543 1460 declarare
1558 1429 1611 1459 in-

283 1483 402 1523 tendit,
426 1494 465 1514 ex
487 1482 555 1527 ejus
572 1482 674 1515 verbis
689 1483 882 1515 sufficienter
900 1489 1066 1527 appareat3
1091 1482 1157 1515 huc
1177 1493 1305 1514 omnem
1329 1481 1522 1525 procedendi
1541 1493 1613 1512 mo—

284 1536 361 1568 dum
389 1547 485 1579 quem
510 1536 669 1579 legislator
688 1537 722 1567 in
743 1537 909 1568 audiendis
932 1536 1064 1568 testibus
1083 1536 1200 1567 servari
1221 1535 1389 1577 praecepit,
1415 1534 1482 1565 huc
1503 1544 1612 1565 omnes

283 1590 450 1633 qualitates
471 1601 542 1633 quae
561 1591 596 1621 in
615 1590 794 1621 testimonio
815 1590 936 1633 requiri
954 1590 1074 1629 solent,
1090 1589 1155 1620 huc
1170 1588 1309 1630 denique
1325 1588 1430 1618 omnia
1448 1588 1524 1619 vitia
1540 1598 1612 1630 quae

282 1643 350 1687 ejus
381 1644 657 1686 imperfectionem
683 1650 845 1687 arguunt,
874 1650 1026 1686 tanquam
1052 1641 1222 1674 accessoria
1245 1640 1284 1671 ad
1309 1651 1377 1671 rem
1402 1639 1612 1682 principalem

281 1697 395 1727 referri
412 1702 444 1727 et
467 1697 608 1729 revocari
629 1696 745 1728 debere
763 1697 970 1729 manifestum
995 1703 1053 1728 est.
1079 1696 1124 1727 Ea
1152 1700 1260 1726 autem
1281 1705 1355 1736 quae
1373 1692 1444 1736 jure
1470 1692 1610 1723 Romano
1645 1727 1648 1730 Δ

282 1754 314 1779 et
337 1750 488 1782 hodierno
509 1751 544 1782 in
565 1751 731 1795 audiendis
752 1750 883 1783 testibus
903 1750 1042 1782 maxime
1062 1748 1291 1792 requiruntur,
1311 1745 1374 1777 duo
1399 1751 1494 1785 sunt3
1518 1746 1553 1775 1⁰
1573 1750 1611 1776 ut

284 1871 310 1893 15
326 1878 369 1893 aus
383 1878 397 1893 a
413 1871 450 1893 έιὲ
464 1872 570 1895 euteudu
586 1873 646 1896 dans
662 1873 695 1896 les
710 1873 805 1903 debats,
825 1882 918 1898 comme
934 1875 1024 1898 telmoiu
1041 1882 1097 1899 avec
1113 1873 1248 1906 prestation
1263 1872 1291 1896 de
1310 1875 1421 1896 serment.
1439 1869 1523 1900 (Cass.
1534 1876 1548 1892 2
1558 1868 1609 1898 jan-

282 1909 333 1934 vier
354 1910 419 1932 1818.
438 1910 521 1941 Sirey,
543 1916 560 1934 t.
578 1912 620 1940 28,
640 1921 664 1943 p.
686 1914 752 1943 161.)

342 1949 426 1978 Voyez
439 1949 502 1972 aussi
517 1958 551 1972 uu
571 1951 633 1973 arret
649 1953 726 1976 reudu
745 1961 789 1983 par
804 1954 838 1977 les
854 1954 956 1978 sections
973 1954 1067 1978 re'unies
1083 1962 1138 1978 sous
1158 1954 1182 1978 la
1199 1952 1336 1985 presidence
1354 1951 1387 1974 du
1404 1949 1515 1974 ministre
1539 1948 1569 1972 de
1586 1947 1612 1972 la

280 1989 378 2019 justice,
397 1989 419 2013 le
434 1990 447 2012 5
468 1990 589 2014 decembre
610 1991 674 2014 1812.
692 2004 722 2010 —
740 1993 878 2024 Denevers,
896 1995 971 2024 1816,
996 2002 1021 2025 p.
1038 1995 1090 2024 537.
