1820 2568
908 195 1028 237 (¹0)

299 285 467 321 potestate
488 277 527 308 de
544 289 633 319 pace
656 279 778 321 agendi
803 290 838 309 se
858 278 987 309 adesse.
1021 279 1094 317 Quo
1115 278 1235 321 sacta,
1264 279 1420 320 Spartam
1442 282 1488 310 ire
1507 281 1633 321 juben-

306 340 367 363 tur.
390 332 465 368 Ibi,
488 333 641 363 concione
658 339 857 369 convocata,
887 332 1050 363 Corinthii
1068 337 1100 362 et
1121 332 1270 363 Thebani
1293 344 1358 363 non
1365 332 1494 375 foedus
1515 335 1634 366 ineun—

304 386 381 416 dum
402 397 474 416 esse
499 385 632 423 dicunt,
661 386 722 417 sed
749 387 891 423 liberos,
925 391 1089 428 quotquot
1114 392 1241 423 essent,
1267 397 1331 427 pro
1357 387 1536 428 mancipiis
1559 399 1633 419 esse

307 439 489 470 vendendos
511 440 576 481 (1),
607 440 719 470 urbem
747 441 817 471 solo
843 440 1055 482 aequandam
1079 451 1171 476 esse,
1201 440 1433 482 regionemque
1455 441 1632 481 pecoribus

299 493 479 534 pascendis
506 493 757 535 relinquendam
765 507 778 532 ‚·
803 493 1061 524 Lacedaemonii
1086 504 1178 529 vem,
1207 505 1242 524 se
1263 493 1395 530 urbem,
1423 493 1463 524 de
1489 493 1634 524 Graecia

305 547 449 577 maxime
475 547 645 584 meritam,
675 553 816 578 evertere
843 547 930 577 nolle
967 548 1086 583 aiunt,
1117 546 1175 577 sed
1201 557 1321 587 pacem
1347 558 1382 577 se
1400 546 1521 589 facere
1546 547 1633 577 velle

305 600 347 630 iis
369 600 634 638 conditionibns,
665 607 703 631 ut
724 612 832 631 muros
857 602 973 643 longos
1005 606 1038 631 ct
1063 600 1223 631 Piraeum
1254 600 1442 637 diruerent,
1480 601 1633 631 omnibus

304 646 666 693 oppidis-excederent,
690 665 787 684 suam
810 660 939 684 tantum
954 654 1118 695 regionem
1141 659 1303 690 tenerent,
1326 665 1428 685 naves
1447 654 1631 690 traderent,

297 706 412 746 patrio
437 717 524 737 more
549 707 787 748 rempublicam
808 707 1099 742 administrarent,
1127 707 1259 737 exsules
1283 708 1482 748 reciperent,
1504 706 1635 737 eosdem

303 769 376 788 cum
401 759 676 790 Lacedaemoniis
700 761 824 789 amicos
844 760 1022 800 hostesque
1045 759 1222 795 haberent,
1249 765 1281 790 et
1301 771 1356 790 eos
1382 760 1507 801 ubique
1529 765 1635 790 terra-

303 821 375 840 rum
395 812 565 852 marisque
589 817 806 852 sequerentur
822 811 880 851 (2).
897 829 939 835 -
961 812 1178 842 Theramenes
1203 813 1369 853 ceterique
1388 813 1494 854 legati
1515 813 1634 843 Athe-

301 875 363 894 nas
392 864 452 893 lzoc
485 864 601 893 nuntio
633 863 790 901 redeunt,-
825 863 987 893 intrantes
1023 874 1148 906 magna
1181 865 1397 894 circumstitit
1431 865 1632 900 multitudo,

302 917 451 946 sollicita
478 927 518 947 ac
547 922 713 952 metuens,
745 927 785 946 ne
809 927 843 946 re
873 915 998 959 infecta
1026 919 1149 948 reversi
1180 924 1309 954 essent,
1348 929 1406 948 nec
1433 919 1521 948 enim
1545 918 1636 948 dila-

302 971 422 1000 tionem
447 981 498 1000 res
517 970 717 1010 patiebatur
748 969 788 999 ob
814 970 1061 1001 multitudinem
1086 982 1215 1008 eorum,
1243 972 1303 1013 qui
1316 970 1416 1014 fame
1440 972 1636 1013 exstingue-

305 1023 435 1053 bantur.
466 1022 607 1052 Postero
631 1022 684 1051 die
709 1023 872 1051 nunciant
894 1023 1010 1063 legati.
1048 1023 1265 1054 Theramenes
1285 1025 1417 1064 primus
1438 1024 1578 1060 suadet,
1600 1030 1638 1054 ut

298 1087 437 1117 pacem,
475 1075 590 1117 qualis
615 1075 768 1110 daretur,
796 1075 1003 1115 acciperent,
1037 1086 1077 1105 ac
1107 1076 1236 1105 moenia
1264 1077 1400 1116 potius,
1435 1082 1567 1107 servato
1592 1077 1636 1107 ab

304 1129 438 1159 interitu
462 1129 610 1169 populo,
647 1127 755 1164 dirui,
790 1139 892 1169 quam
910 1128 1074 1168 populum
1098 1129 1204 1159 simul
1223 1140 1297 1159 cum
1325 1129 1495 1160 moenibus
1523 1130 1639 1160 eodem·

304 1193 385 1212 casu
411 1182 543 1212 interire
558 1186 766 1222 paterentur.
795 1180 926 1211 Paucis
950 1181 1056 1223 igitur
1079 1181 1357 1219 adversantibus,
1378 1183 1540 1223 plurimis
1562 1193 1637 1213 vero

302 1235 501 1266 sententiam
527 1235 635 1275 ipsius
666 1233 978 1275 comprobantibus,
1008 1244 1082 1274 pax
1113 1234 1245 1265 tandem
1279 1235 1409 1266 decreto
1433 1236 1558 1276 populi
1584 1247 1636 1266 re·-

304 1295 399 1330 cepta
422 1294 482 1319 est.
505 1307 548 1313 -
568 1288 755 1319 Secundum
779 1288 862 1318 lzaec
889 1287 1082 1328 Lysander,
1113 1299 1154 1319 ex
1181 1289 1284 1319 Asia
1313 1288 1439 1325 redux,
1471 1289 1635 1319 Piraeum

303 1342 466 1383 appellit,
493 1353 595 1372 naves
612 1347 749 1382 praeter
769 1340 941 1371 duodecim
963 1340 1156 1377 traduntur,
1185 1341 1337 1378 exsules,
1366 1342 1453 1372 inter
1470 1353 1554 1383 quos
1576 1343 1637 1384 qui

293 1394 438 1438 fuerant
466 1406 484 1426 e
513 1395 631 1426 CCCC
654 1395 796 1426 virorum
820 1405 977 1431 numero,
1020 1393 1238 1430 reducuntur,
1271 1395 1359 1425 muri
1389 1395 1568 1425 diruuntur
1590 1395 1638 1425 ad

306 1449 464 1478 tibiarum
494 1460 634 1486 sonum,
670 1460 791 1490 magno
826 1460 937 1478 eorum
965 1447 1100 1484 studio,
1134 1448 1195 1489 qui
1214 1453 1399 1489 putarent,
1435 1448 1522 1478 hunc
1549 1448 1637 1479 diem

310 1501 470 1532 Graeciae
492 1502 658 1533 libertatis
669 1501 749 1544 fore
777 1503 933 1540 initium,·
963 1508 1001 1532 at
1019 1513 1111 1543 spem
1136 1512 1247 1532 eorum
1269 1502 1402 1532 inanem
1411 1500 1549 1543 fuisse,
1577 1501 1637 1531 ‹lo—

304 1555 374 1585 cuit
397 1556 557 1585 eventus!

347 1607 446 1638 Haec
464 1606 563 1648 facta
585 1612 666 1637 sunt
684 1613 822 1638 exeunte
844 1618 930 1638 anno
957 1607 1073 1638 ultimo
1099 1607 1233 1649 Ohfmp.
1255 1607 1409 1644 XCIII,
1434 1606 1546 1638 eodem
1562 1607 1634 1644 die,

305 1671 387 1702 quo,
406 1665 483 1690 ante
498 1671 602 1691 annos
624 1661 841 1703 septuaginta
857 1673 934 1698 sex,
955 1661 1073 1691 navali
1084 1661 1178 1702 apud
1188 1662 1365 1692 Salamina
1372 1662 1496 1704 pugna
1508 1661 1635 1692 Persas

304 1719 544 1754 superaverant
561 1715 812 1751 Athenienses,
839 1715 896 1746 160
917 1715 1049 1746 scilicet
1071 1715 1195 1745 mensis
1219 1714 1462 1756 Munychionis
1480 1714 1537 1756 (3).

365 1826 409 1854 (1)
425 1826 519 1848 Andoc.
539 1826 568 1847 de
585 1826 671 1852 Pace,
688 1834 711 1856 p.
733 1834 776 1856 99,
796 1827 867 1850 Plut.
885 1834 908 1856 p.
924 1826 978 1849 441.

365 1866 408 1895 (2)
427 1865 538 1894 Xetzopli.
563 1865 580 1887 1.
597 1873 618 1888 c.
640 1866 652 1894 §
675 1873 711 1888 20.
733 1867 804 1889 Plut.
826 1867 844 1889 Ι.
861 1875 881 1889 c.
903 1867 944 1897 qui
967 1867 1089 1889 decretum
1111 1865 1234 1893 serm-niu
1256 1866 1335 1888 Diod.
1357 1865 1408 1888 sic.
1431 1865 1512 1894 xm,
1532 1873 1556 1895 p.
1576 1865 1634 1893 623,

305 1905 374 1934 XIV,
393 1914 412 1928 c.
430 1906 452 1928 3.
471 1906 577 1936 Lysias,
595 1913 618 1934 p.
638 1913 681 1935 2¹7
700 1910 723 1928 et
738 1907 790 1930 256.
807 1908 904 1931 Andoc.
923 1907 986 1929 lbid.
1007 1915 1032 1937 p.
1053 1907 1091 1937 94.

362 1946 406 1974 (3)
423 1946 494 1968 Plat.
514 1945 530 1967 1.
550 1945 567 1967 1.
595 1945 704 1974 Xenoph.
728 1945 754 1968 in
770 1946 817 1969 fine
838 1955 890 1977 cap.
913 1949 962 1976 IL,
989 1947 1064 1971 initia
1080 1954 1133 1977 cap.
1154 1947 1200 1970 [H.
1224 1945 1270 1969 eff.
1295 1945 1454 1969 Dodmuiuc
1471 1946 1497 1968 in
1521 1945 1634 1968 Clitorio!-

303 1985 491 2017 Xenophonteo,
509 1989 533 2008 et
554 1986 685 2017 Taylorus,
706 1984 732 2009 iu
756 1986 817 2010 Vim
834 1987 944 2016 Lysiae,
963 1995 987 2017 p.
1003 1987 1041 2010 50.
