1763 2511
753 177 872 220 (79)

149 258 280 301 reliquis
302 256 498 294 dissentiret,
522 265 563 286 ex
583 251 768 284 testimoniis
790 257 823 281 et
841 249 1092 281 confessionibus
1114 251 1275 293 patuisse,
1307 250 1399 281 illum
1423 251 1483 293 qui*

149 312 233 343 solus
253 311 292 342 ab
313 310 461 353 opinione
479 320 535 340 sua
555 311 698 344 steterat,
717 310 804 335 recte
828 304 999 347 judicasse,
1021 303 1098 336 duos
1113 304 1346 335 consentientes
1367 305 1479 347 peritia

149 377 205 396 sua
227 365 324 396 fuisse
346 363 503 405 deceptos.
529 360 638 397 Quare
660 368 724 387 non
745 358 813 388 sine
834 358 953 400 optima
978 358 1100 389 ratione
1120 358 1320 390 Justinianus
1341 357 1480 401 diligen-

116 422 120 426 '
151 419 300 449 tissimum
318 415 472 447 cautelam
490 413 571 442 circa
587 410 767 441 litterarum
787 410 988 442 collationem
1001 411 1145 442 adhiberi
1163 411 1280 450 voluit,
1299 417 1336 443 ut
1351 422 1389 442 ex
1406 423 1479 443 nov.

152 472 192 505 73
213 474 358 513 apparet,
381 465 435 497 ubi
454 465 538 495 inter
559 463 618 494 alia
637 463 752 495 diserte
773 465 833 504 ait,
850 464 1030 496 litterarum
1049 465 1249 497 collationem
1269 476 1326 508 per
1341 476 1373 497 se
1384 465 1481 496 solam

150 532 313 566 nunquam
329 518 491 558 sufficere,
515 517 570 549 sed
592 518 722 549 testium
744 517 939 550 adminiculo
957 530 1022 550 esse
1038 520 1304 559 confirmandam,
1326 525 1358 551 et
1376 519 1401 551 si
1419 519 1480 550 tale

150 574 267 618 aliquid
287 573 472 616 contigerit,
494 572 589 615 quale
610 573 644 602 in
663 572 813 603 Armenia
835 572 957 603 factum
985 578 1047 612 est,
1072 578 1110 603 ut
1129 573 1217 604 aliud
1239 574 1333 604 faciat
1356 573 1480 605 collatio

147 629 340 667 litterarum,
366 626 454 658 aliud
472 637 547 658 vero
568 626 764 666 testimonia,
787 626 975 657 testimoniis
995 627 1101 669 potius
1122 637 1188 658 esse
1209 627 1406 659 credendum
1421 627 1478 670 (1).

750 729 774 772 s
808 729 862 770 45.

327 818 497 857 Quomodo
519 816 610 859 fides
634 817 927 847 instrumentorum
948 822 1087 847 externa
1108 816 1301 859 infirmetur.

188 909 280 941 Fides
308 910 514 941 instrumenti
542 920 598 940 seu
631 908 817 940 documenti
846 908 982 953 alicujus
1010 915 1141 941 externa
1171 910 1288 953 quibus
1318 910 1478 942 stabilitur

142 964 260 1004 modis,
282 964 393 996 iisdem
413 964 481 995 fere
503 964 694 995 infirmatur.
722 964 757 993 1⁰
776 963 905 1006 Itaque,
929 974 987 1006 per
1008 964 1227 995 testimonium
1247 964 1316 1008 ejus
1332 965 1366 995 in
1387 964 1479 1009 cujus

143 1019 286 1051 favorem
307 1018 494 1058 exhibetur,
516 1017 599 1049 illud
616 1017 733 1049 falsum
752 1023 809 1048 aut
829 1024 1020 1060 corruptum
1039 1019 1236 1059 confitenti53
1259 1020 1294 1049 2⁰
1314 1030 1372 1061 per
1388 1020 1479 1050 testi-

142 1075 248 1106 monia
269 1074 416 1116 negativa
442 1084 554 1104 eorum
577 1083 716 1115 quorum
742 1071 925 1103 nominibus
949 1072 1203 1103 instrumentum
1228 1072 1389 1115 signatum
1412 1078 1477 1112 est,

141 1126 194 1159 vel
214 1127 286 1169 qui,
313 1126 392 1158 duni
411 1127 636 1165 conficeretur,
658 1124 765 1157 adesse
787 1124 988 1165 debuerunt3
1011 1126 1046 1156 30
1067 1137 1125 1168 per
1150 1125 1267 1157 indicia
1288 1137 1327 1157 ex
1354 1126 1479 1157 littera—

141 1191 214 1212 rum
231 1180 489 1211 dissimilitudine
509 1179 691 1223 desumpta,
714 1179 780 1212 sive
798 1178 852 1210 illa
867 1179 985 1210 iterum
1007 1178 1230 1211 dissimilitudo
1249 1191 1286 1211 ex
1300 1180 1479 1221 scriptione

140 1233 221 1263 olim
242 1234 336 1270 visa,
364 1233 416 1266 vel
436 1244 476 1264 ex
497 1234 633 1273 scriptis
655 1233 735 1262 olim
756 1233 922 1274 cognitis,
951 1232 1002 1265 vel
1023 1244 1062 1264 ex
1083 1234 1207 1274 scripto
1233 1245 1320 1263 nunc
1350 1234 1422 1264 viso
1448 1239 1481 1264 et

140 1293 349 1328 comparato,
370 1293 403 1318 et
423 1286 554 1329 quidem
570 1284 712 1317 adhibito
730 1286 908 1328 peritorum
925 1285 1061 1329 judicio,
1083 1285 1235 1327 ducatur3
1255 1287 1290 1327 4⁰
1308 1298 1365 1330 per
1380 1298 1478 1330 argu-

139 1346 285 1371 mentum
302 1351 340 1371 ex
356 1341 574 1381 possessione
596 1346 772 1381 suspecta,
801 1340 827 1371 si
847 1340 1117 1380 instrumentum,
1140 1352 1180 1372 ex
1204 1352 1268 1383 quo
1294 1341 1478 1378 confectum

139 1399 202 1433 est,
224 1395 258 1424 in
277 1393 346 1437 ejus
365 1393 507 1425 custodia
525 1394 656 1433 mansit,
678 1393 771 1436 cujus
785 1394 937 1434 interfuit
957 1394 1065 1436 ipsum
1085 1394 1266 1425 adulterare
1283 1400 1315 1425 et
1331 1406 1478 1425 corrum—

139 1457 233 1489 pere3
256 1446 291 1481 5⁰
313 1457 370 1489 per
392 1451 620 1489 argumentum
639 1457 679 1477 ex
699 1446 775 1478 vitio
793 1446 900 1489 aliquo
925 1447 1103 1478 extrinseco
1125 1447 1178 1480 vel
1197 1447 1369 1478 intrinseco
1390 1448 1476 1491 quod

139 1500 353 1531 instrumento
377 1499 532 1538 iuhaeret3
555 1510 693 1542 quorum
714 1499 867 1532 vitiorum
889 1499 1100 1543 deprehensio
1121 1500 1173 1532 vel
1193 1500 1337 1545 depulsio
1358 1508 1421 1532 tani
1442 1502 1475 1533 in

141 1559 265 1585 oratore
289 1565 385 1596 quam
404 1553 439 1584 in
457 1552 565 1597 judice
585 1553 758 1584 maximam
780 1553 903 1596 ingenii
924 1553 1133 1586 subtilitatem
1154 1556 1301 1598 requirit.
1322 1556 1385 1587 Per
1400 1557 1476 1588 vitia

139 1612 247 1638 autem
263 1607 440 1637 extrinseca
455 1617 491 1636 ea
508 1606 653 1649 intelligo
659 1630 667 1646 ,
688 1617 759 1648 quae
775 1606 809 1637 in
824 1618 934 1639 sensus
949 1608 1138 1649 incurrunt,
1156 1608 1257 1641 veluti
1270 1609 1295 1640 si
1310 1620 1350 1640 ex
1366 1609 1475 1641 charta

139 1659 192 1692 vel
210 1671 248 1692 ex
263 1659 365 1703 sigillo
384 1666 533 1703 apparet,
548 1659 666 1691 falsum
681 1659 766 1691 diem
776 1661 990 1693 instrumento
1005 1662 1103 1694 fuisse
1120 1664 1314 1706 appositum,
1337 1664 1362 1695 si
1379 1664 1475 1696 verba

109 1729 113 1734 ·
139 1714 232 1745 lineis
252 1715 453 1757 interscripta
474 1719 567 1753 sunt,
599 1713 625 1744 si
659 1713 805 1756 quaedam
828 1714 905 1746 hinc
928 1715 1003 1747 inde
1029 1716 1143 1748 litterae
1173 1723 1348 1750 occurrunt
1371 1724 1475 1749 trans-

138 1778 228 1799 verso
255 1767 375 1799 calamo
398 1767 564 1807 obductae,
590 1767 642 1800 vel
661 1768 803 1800 chemica
824 1769 961 1812 quadam
985 1770 1162 1802 substantia*
1182 1771 1390 1813 oblitteratae,
1423 1772 1475 1805 vel

139 1821 288 1865 scalpello
314 1833 425 1862 erasae,
449 1823 474 1853 si
495 1822 634 1865 denique
653 1823 687 1853 in
708 1821 839 1855 diversis
855 1823 999 1866 partibus
1021 1824 1165 1857 diversus
1183 1824 1368 1858 observatur
1388 1832 1474 1857 atra-

140 1875 241 1908 menti
263 1875 364 1916 color,
384 1876 427 1907 ita
446 1882 485 1907 ut
502 1876 753 1909 instrumentum
777 1877 901 1910 diverso
923 1884 1066 1922 tempore
1089 1879 1235 1913 videatur
1254 1880 1448 1913 confectum.

139 1938 1443 1953 ————„.-*————„

200 1969 239 1998 (ι)
255 1970 320 1993 Nov.
340 1972 380 2000 73,
400 1979 420 1993 c.
435 1979 449 1993 2
464 1975 487 1994 et
502 1972 525 1994 3.
543 1983 571 1989 —
586 1971 622 1994 Cl.
639 1972 729 2002 Haus§
747 1973 799 2004 394.
822 1986 844 1990 —
864 1973 976 1996 Cremani
987 1992 993 2003 ,
1012 1982 1031 1997 c.
1045 1975 1083 2001 23,
1103 1974 1115 2004 §
1130 1982 1151 2004 9.
1163 1974 1248 1998 Jerem.
1266 1974 1429 2003 Bentham71.
1441 1974 1468 2003 4,

139 2008 178 2031 ch.
198 2009 219 2032 8.
237 2022 267 2028 —
283 2010 395 2042 Rapport
408 2019 448 2035 sur
464 2011 488 2035 la
504 2011 538 2035 loi
555 2011 583 2035 de
599 2013 730 2043 proce'dure
746 2013 817 2037 civile
834 2013 863 2037 de
880 2014 990 2043 Ge'neve,
1009 2022 1052 2046 par
1069 2015 1102 2038 M.
1117 2015 1205 2044 ΒίΠοι,
1224 2015 1278 2037 tin-e
1298 2021 1378 2038 xviii.
