1820 2568
394 232 647 290 ACTA
729 229 821 286 IN
900 226 1279 287 SENATU

808 388 862 419 ET

538 547 1135 638 ACADEMIA‚

229 709 285 760 1).
342 706 427 760 ΠΙ.
498 712 819 762 OCTOBRIS
886 712 951 761 M.
986 677 989 679 ’
1020 676 1199 761 Dece.
1271 708 1437 763 XXV.

226 1107 266 1152 A
294 1104 623 1158 curatoribus,
665 1104 860 1150 Rectore
887 1117 932 1150 et
957 1104 1272 1154 Assessoribus
1301 1111 1352 1156 in
1380 1112 1503 1175 ipso-

160 1197 268 1224 rum
304 1191 540 1225 conventu
576 1197 600 1224 e
635 1196 712 1224 sex
748 1178 1120 1227 Candidatorum
1157 1200 1357 1231 numero
1400 1203 1502 1249 gra-

159 1253 366 1317 phiarius
397 1255 445 1297 in
474 1254 742 1316 proximum
772 1271 953 1298 annum
979 1255 1150 1303 electus
1177 1271 1243 1304 est
1270 1259 1356 1305 Vir
1375 1260 1500 1309 Clar.

164 1327 224 1374 Gr.
261 1329 312 1374 L.
349 1329 548 1373 MAHNE.

225 1401 349 1446 Tum
385 1403 431 1446 in
462 1404 635 1447 Senatu
655 1401 956 1464 Amplissimo
997 1404 1178 1452 praeses
1215 1406 1499 1455 Curatorum

161 1492 269 1520 cum
307 1475 645 1520 Professoribus
664 1478 1054 1531 communicavit,
1089 1497 1113 1523 a
1133 1479 1328 1543 collegio
1349 1482 1498 1528 Cura-

163 1560 315 1593 torum
346 1567 400 1595 ex
437 1549 553 1595 Cod.
590 1549 727 1595 Acad.
766 1557 804 1599 §0
865 1552 966 1596 108.
994 1564 1039 1596 et
1081 1553 1186 1615 196.
1216 1557 1497 1620 praescripto

161 1622 414 1669 Assessores
452 1624 659 1669 Rectoris
700 1624 940 1686 Magnifici
976 1626 1251 1692 nominatos¹
1277 1645 1394 1683 esse,

248 1726 297 1755 Ex
323 1725 443 1756 Ordine
467 1725 773 1756 Jurisconsultorum
819 1726 856 1757 P.
880 1726 911 1757 J.
935 1727 993 1757 DE
1016 1727 1224 1760 RYCKERE.

248 1796 437 1803 -—————
465 1778 564 1809 Math.
590 1784 622 1808 et
647 1778 738 1821 Phys.
822 1778 852 1810 J.
879 1779 914 1810 C.
939 1780 974 1811 F.
999 1780 1152 1812 HAUFF.

248 1849 437 1857 ————
466 1831 549 1862 Phil.
563 1831 679 1863 Theor.
697 1837 729 1862 et
744 1832 805 1862 Lit.
821 1832 851 1862 J.
878 1832 920 1863 M.
943 1832 1147 1865 SCHRANT.

226 1917 310 1962 His
338 1918 625 1981 significatis,
652 1936 797 1964 novus
819 1919 1009 1974 Rector,
1043 1921 1085 1966 J.
1114 1921 1164 1967 L.
1193 1922 1490 1980 KESTELOOT,

160 1991 216 2037 ab
247 1993 581 2056 Angustissimo
623 1993 744 2056 Rege
780 1993 950 2040 Rector
980 1994 1254 2043 Academiae
1291 2011 1488 2052 creatus,

1165 2071 1184 2100 3
