1763 2511
889 178 903 220 (
929 178 970 209 3⁰
992 177 1008 219 )

279 259 334 291 sed
357 269 407 289 eas
429 256 468 287 ob
491 266 599 287 causas
620 261 689 286 tum
717 254 825 285 allatas
845 253 1025 284 ommittere
1051 251 1211 294 cogimur,
1234 257 1272 283 ut
1298 251 1425 283 tandem
1448 252 1614 286 reflexioni

279 311 524 349 incumbamus,
555 315 587 339 et
608 308 648 339 ad
669 308 769 351 magis
793 305 941 350 generale
965 305 1025 336 hoc
1046 305 1209 348 problema
1235 311 1448 345 transeamus,
1474 305 1615 338 scilieet:

279 366 350 397 data
373 364 456 396 linea
476 363 578 402 recta,
601 362 652 395 vel
673 361 772 394 curva
788 360 898 404 plana,
919 360 983 391 imo
999 359 1168 402 superficie
1184 359 1298 399 curva,
1321 370 1379 402 per
1394 365 1513 402 puncta
1533 359 1615 391 deli-

277 430 373 451 neare
387 419 486 461 ipsius
511 417 741 460 imaginem'et
767 415 836 447 vice
858 414 957 446 versa.
983 414 1090 445 Primo
1115 413 1154 444 de
1175 413 1358 445 reflexione.

320 484 344 527 ἓ
367 483 425 514 ΧΙ.
459 483 515 513 De
539 481 727 524 reflexione.
754 479 851 510 Casus
873 479 906 509 in
933 489 997 519 quo
1019 476 1246 508 considerando
1270 488 1358 508 nunc
1382 488 1492 508 sumus
1516 487 1616 509 occu—

277 538 358 580 pati,
388 536 528 568 multum
551 534 656 578 quoad
677 533 884 565 reflexionem
907 531 1014 563 differt
1035 542 1051 561 a
1069 530 1282 573 praecedenti,
1308 530 1446 562 vidimus
1461 531 1494 560 in
1515 530 1613 573 priori

276 591 443 635 hypothesi
471 595 541 633 post
571 595 695 620 certum
724 586 897 631 quemdam
922 591 955 617 et
979 585 1227 616 determinatum
1253 583 1389 614 limitem
1418 583 1520 614 radios
1549 583 1613 627 jam

1559 648 1578 664 n

276 679 340 698 non
362 665 497 708 refringi
515 664 570 697 sed
590 663 729 703 reflecti,
748 669 781 694 et
792 662 886 705 plume
900 661 1036 692 limitem
1056 660 1190 702 praeberi
1213 658 1319 691 valore
1342 658 1440 690 hocce
1459 670 1481 689 x
1498 672 1536 687 =
1555 678 1583 714 ἦ
1601 668 1609 696 3

276 744 308 772 in
326 741 493 784 hypothesi
510 751 585 772 vero
599 739 746 781 praesenti
757 761 765 776 ,
786 748 875 768 nunc
894 734 1137 773 consideranda,
1161 733 1310 764 refractio
1328 733 1456 765 nullum
1473 734 1612 767 admittit

274 795 424 833 limitem,
447 793 692 836 qualiscumque
709 791 749 821 sit
771 790 860 822 valor
878 788 1037 821 variabilis
1058 799 1099 827 x,
1115 798 1242 830 semper
1262 787 1487 830 refringuntm·
1508 789 1609 830 radii,

273 855 303 880 ct
326 847 358 878 id
383 858 422 878 ex
450 857 487 877 eo
511 845 700 876 deducimus
723 843 809 887 quod
838 843 986 875 causticae
1016 842 1096 873 radii
1123 842 1156 871 in
1183 841 1347 872 infinitum
1376 841 1609 873 extenduntur.

273 902 329 932 Ast
353 906 460 931 tamen
485 899 579 930 etiam
607 899 640 929 in
667 898 727 928 hac
750 897 919 941 hypothesi
941 896 1071 939 quidam
1092 894 1172 926 radii
1198 895 1233 924 iu
1253 895 1421 936 superficie
1447 906 1521 937 quae
1546 895 1611 926 duo

273 953 376 985 media
397 958 535 995 separat,
558 951 787 990 reflectuntur,
813 951 888 993 quia
909 950 1011 980 omnis
1027 948 1134 980 radius
1158 959 1174 979 a
1194 959 1326 990 corpore
1350 948 1511 990 pellucido
1535 961 1610 992 par-

272 1010 330 1038 tim
360 1007 560 1045 effunditur,
589 1005 707 1047 partim
737 1004 935 1042 reflectitur,
968 1003 1084 1045 partim
1111 1002 1322 1044 refringitur,
1357 1001 1443 1032 unde
1479 1013 1609 1045 quoque

272 1061 417 1103 sequitur
432 1058 558 1091 radium
582 1058 760 1089 refractum
779 1057 885 1089 minus
907 1057 1068 1087 intensum
1091 1066 1174 1095 esse,
1196 1066 1293 1097 quam
1316 1054 1440 1086 radlum
1462 1055 1610 1087 inciden—

273 1121 354 1153 tem,
386 1119 418 1144 et
438 1113 472 1144 hi
492 1112 573 1143 radii
598 1111 708 1142 reflexi
733 1111 766 1141 in
791 1115 912 1152 puncto
934 1109 976 1148 P,
1006 1108 1039 1140 id
1062 1114 1123 1148 est,
1147 1109 1181 1139 in
1206 1107 1305 1139 altero
1326 1107 1510 1151 hyperbolae
1538 1108 1609 1140 foco

272 1172 483 1200 concurrunt.

316 1230 339 1272 g
369 1230 440 1260 XII.
480 1229 542 1259 Per
571 1227 702 1258 oculum
735 1225 872 1257 ducatur
903 1223 1060 1255 verticalis
1097 1229 1129 1254 et
1163 1234 1221 1266 per
1256 1223 1439 1254 verticalem
1474 1224 1608 1266 planum

273 1283 423 1326 quodviS,
458 1283 492 1313 in
517 1292 580 1324 quo
607 1280 787 1311 delineatur
811 1278 949 1310 caustica
974 1276 1168 1319 respondens
1190 1277 1230 1308 ad
1259 1282 1417 1319 punctum
1443 1277 1608 1319 quodlibet

273 1336 445 1375 verticalis;
464 1336 513 1366 his
536 1336 580 1366 ita
602 1334 771 1377 dispositis,
797 1332 933 1364 ducatur
952 1342 1010 1374 per
1031 1330 1162 1361 oculum
1182 1335 1215 1361 et
1233 1336 1392 1372 puuctum
1409 1329 1606 1363 luminosum

272 1390 382 1421 datum
407 1390 440 1420 in
465 1389 564 1432 spatio
588 1387 723 1430 planum
743 1385 909 1423 verticale,
945 1384 1030 1427 quod
1056 1384 1144 1426 prius
1164 1382 1384 1422 intersecabit3
1416 1394 1505 1414 nunc
1533 1396 1608 1426 pos-

272 1445 372 1475 terius
390 1442 540 1486 planum,
556 1442 590 1472 in
607 1452 671 1483 quo
693 1445 852 1483 punctum
877 1439 988 1469 datum
1013 1437 1166 1468 continuo
1191 1441 1320 1475 manet,
1347 1435 1469 1466 circum
1487 1436 1606 1469 lineam

272 1497 502 1528 intersectionis
529 1501 642 1538 agatur
663 1518 671 1534 :
699 1494 800 1525 donec
825 1504 899 1524 cum
920 1492 1018 1522 altero
1047 1490 1227 1529 coincidat3
1256 1490 1373 1532 poterit
1401 1490 1510 1533 itaque
1535 1497 1606 1523 tum

271 1551 418 1593 imaginis
442 1549 529 1580 locus
554 1548 758 1579 determinari
783 1546 961 1578 secundnm
983 1545 1069 1588 leges
1092 1555 1188 1587 supra
1208 1543 1379 1585 expositas,
1407 1549 1439 1573 et
1460 1543 1521 1574 hoc
1547 1544 1606 1575 de-

272 1604 460 1642 terminato,
491 1602 622 1645 planum
649 1601 688 1632 ad
718 1602 904 1644 positionem
930 1611 1020 1631 suam
1051 1598 1246 1641 primitivam
1274 1607 1381 1629 veram
1410 1596 1536 1637 reduci,
1572 1605 1606 1629 et

272 1657 359 1688 locus
393 1667 489 1699 quem
525 1657 628 1698 imago
662 1655 696 1685 in
732 1655 895 1697 posteriori
930 1654 1024 1697 plano
1057 1651 1246 1695 occupabit,
1282 1656 1450 1694 postquam
1485 1651 1603 1683 hocin

272 1722 361 1741 suam
387 1721 493 1742 veram
519 1709 707 1752 positionem
732 1707 902 1739 reductum
927 1707 1043 1746 fuerit,
1070 1706 1157 1737 locus
1179 1705 1240 1736 erit
1268 1705 1419 1747 quaesitus
1436 1705 1471 1735 in
1491 1706 1601 1747 spatio.

272 1763 356 1805 Ergo
376 1773 502 1805 qnoque
524 1773 582 1805 per
601 1768 720 1804 puncta
741 1761 893 1792 delineari
917 1760 1033 1803 poterit
1053 1760 1157 1802 imago
1181 1758 1274 1789 lineae
1298 1763 1395 1788 rectae
1419 1757 1470 1790 vel
1495 1768 1603 1790 curvae

272 1816 391 1859 planae,
416 1822 464 1855 et,
486 1815 556 1846 data
571 1816 726 1858 imagine,
745 1815 882 1847 inveniri
902 1814 985 1846 linea
1005 1818 1091 1844 recta
1104 1812 1157 1845 vel
1172 1823 1271 1844 curva
1291 1811 1325 1842 in
1345 1811 1453 1853 spatio.

316 1879 354 1909 In
379 1889 452 1909 casu
476 1878 603 1920 speciali
630 1879 663 1908 in
686 1889 749 1920 quo
774 1878 956 1921 superficies
979 1877 1066 1916 data,
1093 1876 1186 1920 cujus
1206 1877 1311 1919 imago
1335 1874 1508 1918 quaerenda
1533 1881 1600 1915 est,

272 1932 454 1975 superficies
468 1937 514 1962 est
527 1931 731 1962 revolutionis
746 1931 838 1975 cujus
853 1932 919 1962 axis
934 1937 980 1962 est
997 1930 1171 1969 verticalis,
1192 1935 1225 1960 et
1243 1928 1354 1960 transit
1374 1938 1431 1970 per
1452 1928 1598 1968 oculum,

273 1986 403 2019 evidens
430 1991 476 2017 est
498 1986 698 2027 superficiem
723 1986 887 2028 quaesitam
911 1987 944 2016 in
975 1985 1086 2016 eodem
1117 1994 1191 2014 casu
1213 1987 1408 2015 versaturam
1435 1992 1510 2013 esse.
1547 1982 1600 2013 Sat
