<?xml version="1.0" encoding="UTF-8"?>
<!DOCTYPE html PUBLIC "-//W3C//DTD XHTML 1.0 Transitional//EN"
    "http://www.w3.org/TR/xhtml1/DTD/xhtml1-transitional.dtd">
<html xmlns="http://www.w3.org/1999/xhtml" xml:lang="en" lang="en">
 <head>
  <title>
</title>
<meta http-equiv="Content-Type" content="text/html;charset=utf-8" />
  <meta name='ocr-system' content='tesseract 3.04.00' />
  <meta name='ocr-capabilities' content='ocr_page ocr_carea ocr_par ocr_line ocrx_word'/>
</head>
<body>
  <div class='ocr_page' id='page_1' title='image "annalesacademiae24gand_0086.png"; bbox 0 0 1820 2568; ppageno 0'>
   <div class='ocr_carea' id='block_1_1' title="bbox 291 205 1619 1165">
    <p class='ocr_par' dir='ltr' id='par_1_1' title="bbox 888 205 1003 248">
     <span class='ocr_line' id='line_1_1' title="bbox 888 205 1003 248; baseline -0.009 0"><span class='ocrx_word' id='word_1_1' title='bbox 888 205 902 248; x_wconf 90' lang='lat'><strong>(</strong></span> <span class='ocrx_word' id='word_1_2' title='bbox 927 205 966 236; x_wconf 77' lang='lat'>58</span> <span class='ocrx_word' id='word_1_3' title='bbox 989 207 1003 247; x_wconf 89' lang='lat'>)</span> 
     </span>
    </p>

    <p class='ocr_par' dir='ltr' id='par_1_2' title="bbox 291 277 1619 1165">
     <span class='ocr_line' id='line_1_2' title="bbox 337 277 1617 328; baseline -0.007 -10"><span class='ocrx_word' id='word_1_4' title='bbox 337 288 378 318; x_wconf 76' lang='lat' dir='ltr'>At</span> <span class='ocrx_word' id='word_1_5' title='bbox 399 283 546 328; x_wconf 78' lang='lat' dir='ltr'>postridie</span> <span class='ocrx_word' id='word_1_6' title='bbox 565 280 664 312; x_wconf 80' lang='lat' dir='ltr'>XXX</span> <span class='ocrx_word' id='word_1_7' title='bbox 691 280 763 318; x_wconf 86' lang='lat' dir='ltr'>viri,</span> <span class='ocrx_word' id='word_1_8' title='bbox 785 278 913 323; x_wconf 86' lang='lat' dir='ltr'>dejectis</span> <span class='ocrx_word' id='word_1_9' title='bbox 936 277 1107 309; x_wconf 83' lang='lat' dir='ltr'>admodum</span> <span class='ocrx_word' id='word_1_10' title='bbox 1129 278 1255 317; x_wconf 84' lang='lat' dir='ltr'>animis,</span> <span class='ocrx_word' id='word_1_11' title='bbox 1280 278 1460 321; x_wconf 74' lang='lat' dir='ltr'>desertique</span> <span class='ocrx_word' id='word_1_12' title='bbox 1484 279 1517 310; x_wconf 86' lang='lat' dir='ltr'>in</span> <span class='ocrx_word' id='word_1_13' title='bbox 1539 290 1617 310; x_wconf 87' lang='lat' dir='ltr'>con-</span> 
     </span>
     <span class='ocr_line' id='line_1_3' title="bbox 295 331 1615 374; baseline -0.008 -2"><span class='ocrx_word' id='word_1_14' title='bbox 295 341 408 373; x_wconf 61' lang='lat' dir='ltr'>ventus:</span> <span class='ocrx_word' id='word_1_15' title='bbox 431 339 479 370; x_wconf 84' lang='lat' dir='ltr'>sui</span> <span class='ocrx_word' id='word_1_16' title='bbox 505 337 572 368; x_wconf 83' lang='lat' dir='ltr'>loco</span> <span class='ocrx_word' id='word_1_17' title='bbox 599 335 764 374; x_wconf 80' lang='lat' dir='ltr'><strong>sedebant,</strong></span> <span class='ocrx_word' id='word_1_18' title='bbox 790 340 822 365; x_wconf 85' lang='lat' dir='ltr'>et</span> <span class='ocrx_word' id='word_1_19' title='bbox 843 332 954 363; x_wconf 77' lang='lat' dir='ltr'>delecti</span> <span class='ocrx_word' id='word_1_20' title='bbox 983 332 1028 362; x_wconf 87' lang='lat' dir='ltr'>illi</span> <span class='ocrx_word' id='word_1_21' title='bbox 1055 338 1103 362; x_wconf 86' lang='lat' dir='ltr'>ter</span> <span class='ocrx_word' id='word_1_22' title='bbox 1127 331 1230 371; x_wconf 87' lang='lat' dir='ltr'>mille,</span> <span class='ocrx_word' id='word_1_23' title='bbox 1262 331 1449 374; x_wconf 85' lang='lat' dir='ltr'>ubicunque</span> <span class='ocrx_word' id='word_1_24' title='bbox 1473 331 1615 363; x_wconf 83' lang='lat' dir='ltr'>collocati</span> 
     </span>
     <span class='ocr_line' id='line_1_4' title="bbox 294 385 1617 432; baseline -0.007 -7"><span class='ocrx_word' id='word_1_25' title='bbox 294 396 439 430; x_wconf 84' lang='lat' dir='ltr'>fuerant,</span> <span class='ocrx_word' id='word_1_26' title='bbox 465 401 623 432; x_wconf 83' lang='lat' dir='ltr'>nusquam</span> <span class='ocrx_word' id='word_1_27' title='bbox 645 400 709 419; x_wconf 88' lang='lat' dir='ltr'>non</span> <span class='ocrx_word' id='word_1_28' title='bbox 728 391 811 419; x_wconf 85' lang='lat' dir='ltr'>inter</span> <span class='ocrx_word' id='word_1_29' title='bbox 833 398 865 418; x_wconf 89' lang='lat' dir='ltr'>se</span> <span class='ocrx_word' id='word_1_30' title='bbox 887 385 1122 417; x_wconf 82' lang='lat' dir='ltr'>dissentiebant.</span> <span class='ocrx_word' id='word_1_31' title='bbox 1148 386 1230 417; x_wconf 84' lang='lat' dir='ltr'>Nam</span> <span class='ocrx_word' id='word_1_32' title='bbox 1250 387 1305 429; x_wconf 86' lang='lat' dir='ltr'>qui</span> <span class='ocrx_word' id='word_1_33' title='bbox 1330 386 1541 418; x_wconf 84' lang='lat' dir='ltr'>violentarum</span> <span class='ocrx_word' id='word_1_34' title='bbox 1562 397 1617 416; x_wconf 90' lang='lat' dir='ltr'>ac—</span> 
     </span>
     <span class='ocr_line' id='line_1_5' title="bbox 294 438 1615 484; baseline -0.008 -5"><span class='ocrx_word' id='word_1_35' title='bbox 294 450 415 479; x_wconf 75' lang='lat' dir='ltr'>tionum</span> <span class='ocrx_word' id='word_1_36' title='bbox 433 445 490 476; x_wconf 82' lang='lat' dir='ltr'>sibi</span> <span class='ocrx_word' id='word_1_37' title='bbox 507 443 622 475; x_wconf 85' lang='lat' dir='ltr'>conscii</span> <span class='ocrx_word' id='word_1_38' title='bbox 641 449 747 482; x_wconf 86' lang='lat' dir='ltr'>erant,</span> <span class='ocrx_word' id='word_1_39' title='bbox 765 448 919 484; x_wconf 82' lang='lat' dir='ltr'>metuque</span> <span class='ocrx_word' id='word_1_40' title='bbox 934 440 1125 483; x_wconf 75' lang='lat' dir='ltr'>agebantur,</span> <span class='ocrx_word' id='word_1_41' title='bbox 1143 439 1350 472; x_wconf 82' lang='lat' dir='ltr'>vehementer</span> <span class='ocrx_word' id='word_1_42' title='bbox 1368 438 1615 477; x_wconf 84' lang='lat' dir='ltr'>contendebant,</span> 
     </span>
     <span class='ocr_line' id='line_1_6' title="bbox 294 492 1618 540; baseline -0.006 -9"><span class='ocrx_word' id='word_1_43' title='bbox 294 500 372 531; x_wconf 83' lang='lat' dir='ltr'>nihil</span> <span class='ocrx_word' id='word_1_44' title='bbox 394 500 446 537; x_wconf 76' lang='lat' dir='ltr'>iis,</span> <span class='ocrx_word' id='word_1_45' title='bbox 472 499 528 540; x_wconf 85' lang='lat' dir='ltr'>qui</span> <span class='ocrx_word' id='word_1_46' title='bbox 550 498 581 527; x_wconf 85' lang='lat' dir='ltr'>iu</span> <span class='ocrx_word' id='word_1_47' title='bbox 604 497 704 527; x_wconf 86' lang='lat' dir='ltr'>Piraeo</span> <span class='ocrx_word' id='word_1_48' title='bbox 730 502 847 535; x_wconf 80' lang='lat' dir='ltr'>essent,</span> <span class='ocrx_word' id='word_1_49' title='bbox 869 494 1111 526; x_wconf 85' lang='lat' dir='ltr'>concedendum</span> <span class='ocrx_word' id='word_1_50' title='bbox 1129 505 1205 525; x_wconf 88' lang='lat' dir='ltr'>esse.</span> <span class='ocrx_word' id='word_1_51' title='bbox 1231 494 1297 532; x_wconf 87' lang='lat' dir='ltr'>Qui</span> <span class='ocrx_word' id='word_1_52' title='bbox 1317 505 1392 525; x_wconf 87' lang='lat' dir='ltr'>vero</span> <span class='ocrx_word' id='word_1_53' title='bbox 1412 493 1493 524; x_wconf 87' lang='lat' dir='ltr'><strong>nihil</strong></span> <span class='ocrx_word' id='word_1_54' title='bbox 1507 492 1618 536; x_wconf 84' lang='lat' dir='ltr'>injusti</span> 
     </span>
     <span class='ocr_line' id='line_1_7' title="bbox 292 545 1617 592; baseline -0.007 -8"><span class='ocrx_word' id='word_1_55' title='bbox 292 566 324 585; x_wconf 78' lang='lat' dir='ltr'>se</span> <span class='ocrx_word' id='word_1_56' title='bbox 345 553 454 583; x_wconf 82' lang='lat' dir='ltr'>secisse</span> <span class='ocrx_word' id='word_1_57' title='bbox 474 551 531 582; x_wconf 81' lang='lat' dir='ltr'>sibi</span> <span class='ocrx_word' id='word_1_58' title='bbox 550 550 707 582; x_wconf 82' lang='lat' dir='ltr'>habebant</span> <span class='ocrx_word' id='word_1_59' title='bbox 724 561 925 592; x_wconf 86' lang='lat' dir='ltr'>persuasum,</span> <span class='ocrx_word' id='word_1_60' title='bbox 948 549 1094 580; x_wconf 78' lang='lat' dir='ltr'>Cleocriti</span> <span class='ocrx_word' id='word_1_61' title='bbox 1113 548 1269 590; x_wconf 84' lang='lat' dir='ltr'><strong>imprimis</strong></span> <span class='ocrx_word' id='word_1_62' title='bbox 1285 547 1426 578; x_wconf 85' lang='lat' dir='ltr'>oratione</span> <span class='ocrx_word' id='word_1_63' title='bbox 1443 546 1536 585; x_wconf 85' lang='lat' dir='ltr'>moti,</span> <span class='ocrx_word' id='word_1_64' title='bbox 1557 545 1617 588; x_wconf 90' lang='lat' dir='ltr'>ipsi</span> 
     </span>
     <span class='ocr_line' id='line_1_8' title="bbox 293 601 1616 646; baseline -0.005 -9"><span class='ocrx_word' id='word_1_65' title='bbox 293 617 399 637; x_wconf 77' lang='lat' dir='ltr'>sanam</span> <span class='ocrx_word' id='word_1_66' title='bbox 418 605 457 636; x_wconf 86' lang='lat' dir='ltr'>ad</span> <span class='ocrx_word' id='word_1_67' title='bbox 474 611 611 635; x_wconf 87' lang='lat' dir='ltr'>mentem</span> <span class='ocrx_word' id='word_1_68' title='bbox 628 604 788 643; x_wconf 81' lang='lat' dir='ltr'>redibant,</span> <span class='ocrx_word' id='word_1_69' title='bbox 806 603 944 646; x_wconf 82' lang='lat' dir='ltr'>aliosque</span> <span class='ocrx_word' id='word_1_70' title='bbox 963 602 1132 642; x_wconf 84' lang='lat' dir='ltr'>docebant,</span> <span class='ocrx_word' id='word_1_71' title='bbox 1153 602 1201 632; x_wconf 89' lang='lat' dir='ltr'>his</span> <span class='ocrx_word' id='word_1_72' title='bbox 1216 601 1306 632; x_wconf 84' lang='lat' dir='ltr'>malis</span> <span class='ocrx_word' id='word_1_73' title='bbox 1320 611 1427 632; x_wconf 86' lang='lat' dir='ltr'>carere</span> <span class='ocrx_word' id='word_1_74' title='bbox 1444 611 1496 631; x_wconf 90' lang='lat' dir='ltr'>eos</span> <span class='ocrx_word' id='word_1_75' title='bbox 1511 610 1616 642; x_wconf 88' lang='lat' dir='ltr'>posse,</span> 
     </span>
     <span class='ocr_line' id='line_1_9' title="bbox 291 654 1616 699; baseline -0.005 -9"><span class='ocrx_word' id='word_1_76' title='bbox 291 671 351 690; x_wconf 88' lang='lat' dir='ltr'>nec</span> <span class='ocrx_word' id='word_1_77' title='bbox 372 670 437 690; x_wconf 90' lang='lat' dir='ltr'>esse</span> <span class='ocrx_word' id='word_1_78' title='bbox 461 658 621 697; x_wconf 83' lang='lat' dir='ltr'>dicebant,</span> <span class='ocrx_word' id='word_1_79' title='bbox 649 669 706 689; x_wconf 87' lang='lat' dir='ltr'>cur</span> <span class='ocrx_word' id='word_1_80' title='bbox 729 658 828 688; x_wconf 87' lang='lat' dir='ltr'>XXX</span> <span class='ocrx_word' id='word_1_81' title='bbox 850 658 924 689; x_wconf 86' lang='lat' dir='ltr'>viris</span> <span class='ocrx_word' id='word_1_82' title='bbox 945 656 1216 699; x_wconf 79' lang='lat' dir='ltr'>obtemperarent,</span> <span class='ocrx_word' id='word_1_83' title='bbox 1240 666 1299 686; x_wconf 89' lang='lat' dir='ltr'>nec</span> <span class='ocrx_word' id='word_1_84' title='bbox 1319 666 1376 685; x_wconf 88' lang='lat' dir='ltr'>cur</span> <span class='ocrx_word' id='word_1_85' title='bbox 1397 654 1539 685; x_wconf 84' lang='lat' dir='ltr'>sinerent</span> <span class='ocrx_word' id='word_1_86' title='bbox 1557 664 1616 695; x_wconf 84' lang='lat' dir='ltr'>pa—</span> 
     </span>
     <span class='ocr_line' id='line_1_10' title="bbox 292 707 1616 755; baseline -0.005 -12"><span class='ocrx_word' id='word_1_87' title='bbox 292 714 384 744; x_wconf 71' lang='lat' dir='ltr'>triam</span> <span class='ocrx_word' id='word_1_88' title='bbox 414 713 528 755; x_wconf 82' lang='lat' dir='ltr'>perire.</span> <span class='ocrx_word' id='word_1_89' title='bbox 567 712 715 750; x_wconf 89' lang='lat' dir='ltr'>Quorum</span> <span class='ocrx_word' id='word_1_90' title='bbox 743 712 898 742; x_wconf 86' lang='lat' dir='ltr'>sententia</span> <span class='ocrx_word' id='word_1_91' title='bbox 929 711 1073 752; x_wconf 87' lang='lat' dir='ltr'>superior</span> <span class='ocrx_word' id='word_1_92' title='bbox 1103 721 1175 740; x_wconf 85' lang='lat' dir='ltr'>cum</span> <span class='ocrx_word' id='word_1_93' title='bbox 1209 714 1289 739; x_wconf 89' lang='lat' dir='ltr'>esset</span> <span class='ocrx_word' id='word_1_94' title='bbox 1317 708 1422 747; x_wconf 82' lang='lat' dir='ltr'>facta,</span> <span class='ocrx_word' id='word_1_95' title='bbox 1451 707 1616 737; x_wconf 73' lang='lat' dir='ltr'>decretum</span> 
     </span>
     <span class='ocr_line' id='line_1_11' title="bbox 293 759 1617 806; baseline -0.006 -9"><span class='ocrx_word' id='word_1_96' title='bbox 293 767 421 797; x_wconf 76' lang='lat' dir='ltr'>tandem</span> <span class='ocrx_word' id='word_1_97' title='bbox 447 767 567 797; x_wconf 80' lang='lat' dir='ltr'>factum</span> <span class='ocrx_word' id='word_1_98' title='bbox 588 771 651 803; x_wconf 88' lang='lat' dir='ltr'>est,</span> <span class='ocrx_word' id='word_1_99' title='bbox 673 766 845 806; x_wconf 83' lang='lat' dir='ltr'>imperium</span> <span class='ocrx_word' id='word_1_100' title='bbox 866 764 928 793; x_wconf 87' lang='lat' dir='ltr'>illis</span> <span class='ocrx_word' id='word_1_101' title='bbox 951 762 1168 804; x_wconf 84' lang='lat' dir='ltr'>abrogandum</span> <span class='ocrx_word' id='word_1_102' title='bbox 1187 772 1269 799; x_wconf 90' lang='lat' dir='ltr'>esse,</span> <span class='ocrx_word' id='word_1_103' title='bbox 1295 772 1331 791; x_wconf 85' lang='lat' dir='ltr'>ac</span> <span class='ocrx_word' id='word_1_104' title='bbox 1354 759 1562 802; x_wconf 83' lang='lat' dir='ltr'>surrogandos</span> <span class='ocrx_word' id='word_1_105' title='bbox 1580 759 1617 790; x_wconf 82' lang='lat' dir='ltr'>iis</span> 
     </span>
     <span class='ocr_line' id='line_1_12' title="bbox 293 813 1619 860; baseline -0.005 -11"><span class='ocrx_word' id='word_1_106' title='bbox 293 819 377 849; x_wconf 85' lang='lat' dir='ltr'>alios.</span> <span class='ocrx_word' id='word_1_107' title='bbox 403 820 514 860; x_wconf 85' lang='lat' dir='ltr'>Itaque</span> <span class='ocrx_word' id='word_1_108' title='bbox 534 819 566 847; x_wconf 89' lang='lat' dir='ltr'>X</span> <span class='ocrx_word' id='word_1_109' title='bbox 589 818 647 848; x_wconf 71' lang='lat' dir='ltr'>viri</span> <span class='ocrx_word' id='word_1_110' title='bbox 667 816 850 857; x_wconf 75' lang='lat' dir='ltr'>reipublicae</span> <span class='ocrx_word' id='word_1_111' title='bbox 875 814 1120 852; x_wconf 63' lang='lat' dir='ltr'>constituendae,</span> <span class='ocrx_word' id='word_1_112' title='bbox 1149 815 1216 845; x_wconf 84' lang='lat' dir='ltr'>sive</span> <span class='ocrx_word' id='word_1_113' title='bbox 1238 813 1427 855; x_wconf 76' lang='grc' dir='ltr'><em>δεκαὸοῦχοι</em></span> <span class='ocrx_word' id='word_1_114' title='bbox 1446 813 1509 854; x_wconf 83' lang='grc'>(1),</span> <span class='ocrx_word' id='word_1_115' title='bbox 1534 823 1619 843; x_wconf 90' lang='lat' dir='ltr'>unus</span> 
     </span>
     <span class='ocr_line' id='line_1_13' title="bbox 292 864 1617 914; baseline -0.006 -11"><span class='ocrx_word' id='word_1_116' title='bbox 292 883 330 903; x_wconf 78' lang='lat' dir='ltr'>ex</span> <span class='ocrx_word' id='word_1_117' title='bbox 353 871 463 914; x_wconf 83' lang='lat' dir='ltr'>quavis</span> <span class='ocrx_word' id='word_1_118' title='bbox 487 869 589 908; x_wconf 85' lang='lat' dir='ltr'>tribu,</span> <span class='ocrx_word' id='word_1_119' title='bbox 611 869 704 899; x_wconf 84' lang='lat' dir='ltr'>electi</span> <span class='ocrx_word' id='word_1_120' title='bbox 724 874 800 900; x_wconf 85' lang='lat' dir='ltr'>sunt</span> <span class='ocrx_word' id='word_1_121' title='bbox 815 868 878 910; x_wconf 78' lang='lat'>(2),</span> <span class='ocrx_word' id='word_1_122' title='bbox 901 869 974 910; x_wconf 89' lang='lat' dir='ltr'>qui,</span> <span class='ocrx_word' id='word_1_123' title='bbox 994 869 1018 898; x_wconf 90' lang='lat' dir='ltr'>si</span> <span class='ocrx_word' id='word_1_124' title='bbox 1040 873 1181 910; x_wconf 84' lang='lat' dir='ltr'>possent,</span> <span class='ocrx_word' id='word_1_125' title='bbox 1202 866 1396 898; x_wconf 81' lang='lat' dir='ltr'>amicissimis</span> <span class='ocrx_word' id='word_1_126' title='bbox 1415 865 1514 908; x_wconf 83' lang='lat' dir='ltr'>pactis</span> <span class='ocrx_word' id='word_1_127' title='bbox 1534 864 1617 896; x_wconf 90' lang='lat' dir='ltr'>bello</span> 
     </span>
     <span class='ocr_line' id='line_1_14' title="bbox 293 919 1618 964; baseline -0.005 -8"><span class='ocrx_word' id='word_1_128' title='bbox 293 928 388 956; x_wconf 83' lang='lat' dir='ltr'>linem</span> <span class='ocrx_word' id='word_1_129' title='bbox 408 924 552 954; x_wconf 83' lang='lat' dir='ltr'>facerent</span> <span class='ocrx_word' id='word_1_130' title='bbox 571 922 628 963; x_wconf 81' lang='lat'>(3)</span> <span class='ocrx_word' id='word_1_131' title='bbox 650 922 687 952; x_wconf 87' lang='lat' dir='ltr'>In</span> <span class='ocrx_word' id='word_1_132' title='bbox 703 933 842 964; x_wconf 86' lang='lat' dir='ltr'>quorum</span> <span class='ocrx_word' id='word_1_133' title='bbox 861 933 997 953; x_wconf 87' lang='lat' dir='ltr'>numero</span> <span class='ocrx_word' id='word_1_134' title='bbox 1017 922 1080 952; x_wconf 89' lang='lat' dir='ltr'>duo</span> <span class='ocrx_word' id='word_1_135' title='bbox 1095 921 1230 952; x_wconf 84' lang='lat' dir='ltr'>fuerunt</span> <span class='ocrx_word' id='word_1_136' title='bbox 1249 931 1287 951; x_wconf 83' lang='lat' dir='ltr'>ex</span> <span class='ocrx_word' id='word_1_137' title='bbox 1307 920 1407 950; x_wconf 87' lang='lat' dir='ltr'>XXX</span> <span class='ocrx_word' id='word_1_138' title='bbox 1427 920 1501 951; x_wconf 85' lang='lat' dir='ltr'>viris</span> <span class='ocrx_word' id='word_1_139' title='bbox 1516 919 1618 950; x_wconf 87' lang='lat' dir='ltr'>Phido</span> 
     </span>
     <span class='ocr_line' id='line_1_15' title="bbox 292 972 1617 1017; baseline -0.004 -9"><span class='ocrx_word' id='word_1_140' title='bbox 292 985 324 1009; x_wconf 84' lang='lat' dir='ltr'>et</span> <span class='ocrx_word' id='word_1_141' title='bbox 344 976 582 1014; x_wconf 78' lang='lat' dir='ltr'>Eratosthenes3</span> <span class='ocrx_word' id='word_1_142' title='bbox 609 974 777 1016; x_wconf 84' lang='lat' dir='ltr'>Hippocles</span> <span class='ocrx_word' id='word_1_143' title='bbox 799 986 907 1016; x_wconf 89' lang='lat' dir='ltr'>porro,</span> <span class='ocrx_word' id='word_1_144' title='bbox 930 974 1101 1017; x_wconf 83' lang='lat' dir='ltr'>Epichares</span> <span class='ocrx_word' id='word_1_145' title='bbox 1123 974 1185 1016; x_wconf 73' lang='lat'>(4),</span> <span class='ocrx_word' id='word_1_146' title='bbox 1212 979 1244 1004; x_wconf 83' lang='lat' dir='ltr'>et</span> <span class='ocrx_word' id='word_1_147' title='bbox 1262 973 1389 1004; x_wconf 84' lang='lat' dir='ltr'>Rhinon</span> <span class='ocrx_word' id='word_1_148' title='bbox 1410 972 1458 1014; x_wconf 85' lang='lat'>(5)</span> <span class='ocrx_word' id='word_1_149' title='bbox 1483 972 1617 1015; x_wconf 85' lang='lat' dir='ltr'>aliique,</span> 
     </span>
     <span class='ocr_line' id='line_1_16' title="bbox 294 1024 1618 1073; baseline -0.005 -12"><span class='ocrx_word' id='word_1_150' title='bbox 294 1031 349 1073; x_wconf 88' lang='lat' dir='ltr'>qui</span> <span class='ocrx_word' id='word_1_151' title='bbox 366 1030 470 1060; x_wconf 74' lang='lat' dir='ltr'>Critiae</span> <span class='ocrx_word' id='word_1_152' title='bbox 488 1029 673 1070; x_wconf 78' lang='lat' dir='ltr'>caeterisque</span> <span class='ocrx_word' id='word_1_153' title='bbox 690 1028 832 1070; x_wconf 75' lang='lat' dir='ltr'>tyrannis</span> <span class='ocrx_word' id='word_1_154' title='bbox 847 1027 1051 1057; x_wconf 88' lang='lat' dir='ltr'>infensissimi</span> <span class='ocrx_word' id='word_1_155' title='bbox 1064 1027 1161 1057; x_wconf 86' lang='lat' dir='ltr'>fuisse</span> <span class='ocrx_word' id='word_1_156' title='bbox 1179 1025 1380 1057; x_wconf 85' lang='lat' dir='ltr'>videbantur.</span> <span class='ocrx_word' id='word_1_157' title='bbox 1398 1025 1483 1056; x_wconf 91' lang='lat' dir='ltr'>Tum</span> <span class='ocrx_word' id='word_1_158' title='bbox 1503 1024 1618 1067; x_wconf 87' lang='lat' dir='ltr'>reliqui</span> 
     </span>
     <span class='ocr_line' id='line_1_17' title="bbox 295 1078 1308 1124; baseline -0.005 -10"><span class='ocrx_word' id='word_1_159' title='bbox 295 1096 312 1114; x_wconf 83' lang='lat' dir='ltr'>e</span> <span class='ocrx_word' id='word_1_160' title='bbox 336 1084 446 1122; x_wconf 75' lang='lat' dir='ltr'>XXX,</span> <span class='ocrx_word' id='word_1_161' title='bbox 470 1093 508 1113; x_wconf 80' lang='lat' dir='ltr'>ex</span> <span class='ocrx_word' id='word_1_162' title='bbox 531 1081 610 1113; x_wconf 89' lang='lat' dir='ltr'>urbe</span> <span class='ocrx_word' id='word_1_163' title='bbox 629 1092 661 1112; x_wconf 91' lang='lat' dir='ltr'>se</span> <span class='ocrx_word' id='word_1_164' title='bbox 682 1081 835 1112; x_wconf 83' lang='lat' dir='ltr'>facessere</span> <span class='ocrx_word' id='word_1_165' title='bbox 859 1080 952 1124; x_wconf 84' lang='lat' dir='ltr'>jussi,</span> <span class='ocrx_word' id='word_1_166' title='bbox 979 1080 1129 1111; x_wconf 83' lang='lat' dir='ltr'>Eleusina</span> <span class='ocrx_word' id='word_1_167' title='bbox 1151 1078 1308 1110; x_wconf 84' lang='lat' dir='ltr'>abierunt.</span> 
     </span>
     <span class='ocr_line' id='line_1_18' title="bbox 303 1150 1616 1165; baseline -0.005 -1"><span class='ocrx_word' id='word_1_168' title='bbox 303 1150 1616 1165; x_wconf 33' lang='grc' dir='ltr'>,μή-,μω</span> 
     </span>
    </p>
   </div>
   <div class='ocr_carea' id='block_1_2' title="bbox 295 1195 1623 1665">
    <p class='ocr_par' dir='ltr' id='par_1_3' title="bbox 353 1195 652 1226">
     <span class='ocr_line' id='line_1_19' title="bbox 353 1195 652 1226; baseline -0.007 -7"><span class='ocrx_word' id='word_1_169' title='bbox 353 1197 386 1226; x_wconf 89' lang='grc' dir='ltr'>(ι)</span> <span class='ocrx_word' id='word_1_170' title='bbox 402 1197 526 1225; x_wconf 79' lang='lat' dir='ltr'>Harpocr.</span> <span class='ocrx_word' id='word_1_171' title='bbox 544 1195 569 1218; x_wconf 85' lang='lat' dir='ltr'>iu</span> <span class='ocrx_word' id='word_1_172' title='bbox 585 1203 652 1219; x_wconf 83' lang='lat' dir='ltr'>voce.</span> 
     </span>
    </p>

    <p class='ocr_par' dir='ltr' id='par_1_4' title="bbox 353 1235 666 1266">
     <span class='ocr_line' id='line_1_20' title="bbox 353 1235 666 1266; baseline -0.01 -7"><span class='ocrx_word' id='word_1_173' title='bbox 353 1238 386 1266; x_wconf 68' lang='grc' dir='ltr'>(α)</span> <span class='ocrx_word' id='word_1_174' title='bbox 404 1236 514 1265; x_wconf 74' lang='lat' dir='ltr'>Xenoph.</span> <span class='ocrx_word' id='word_1_175' title='bbox 536 1236 549 1264; x_wconf 70' lang='grc' dir='ltr'>ς)</span> <span class='ocrx_word' id='word_1_176' title='bbox 566 1236 607 1263; x_wconf 78' lang='lat'>23,</span> <span class='ocrx_word' id='word_1_177' title='bbox 629 1235 666 1256; x_wconf 78' lang='lat'>24.</span> 
     </span>
    </p>

    <p class='ocr_par' dir='ltr' id='par_1_5' title="bbox 352 1273 974 1306">
     <span class='ocr_line' id='line_1_21' title="bbox 352 1273 974 1306; baseline -0.01 -7"><span class='ocrx_word' id='word_1_178' title='bbox 352 1277 385 1306; x_wconf 85' lang='lat'>(3)</span> <span class='ocrx_word' id='word_1_179' title='bbox 402 1276 480 1298; x_wconf 85' lang='lat' dir='ltr'>Diod.</span> <span class='ocrx_word' id='word_1_180' title='bbox 496 1275 514 1297; x_wconf 89' lang='lat' dir='ltr'>l.</span> <span class='ocrx_word' id='word_1_181' title='bbox 532 1275 550 1298; x_wconf 92' lang='lat'>1.</span> <span class='ocrx_word' id='word_1_182' title='bbox 570 1275 661 1305; x_wconf 80' lang='lat' dir='ltr'>Lysias</span> <span class='ocrx_word' id='word_1_183' title='bbox 676 1277 760 1296; x_wconf 80' lang='lat' dir='ltr'>contra</span> <span class='ocrx_word' id='word_1_184' title='bbox 775 1273 849 1296; x_wconf 81' lang='lat' dir='ltr'>Erat.</span> <span class='ocrx_word' id='word_1_185' title='bbox 867 1280 908 1294; x_wconf 83' lang='lat'>211</span> <span class='ocrx_word' id='word_1_186' title='bbox 926 1280 974 1302; x_wconf 83' lang='lat' dir='ltr'>seq.</span> 
     </span>
    </p>

    <p class='ocr_par' dir='ltr' id='par_1_6' title="bbox 353 1314 576 1346">
     <span class='ocr_line' id='line_1_22' title="bbox 353 1314 576 1346; baseline -0.009 -8"><span class='ocrx_word' id='word_1_187' title='bbox 353 1316 385 1345; x_wconf 85' lang='lat'>(4)</span> <span class='ocrx_word' id='word_1_188' title='bbox 403 1316 507 1346; x_wconf 80' lang='lat' dir='ltr'>Lysias,</span> <span class='ocrx_word' id='word_1_189' title='bbox 525 1315 542 1337; x_wconf 90' lang='lat'>1.</span> <span class='ocrx_word' id='word_1_190' title='bbox 559 1314 576 1337; x_wconf 91' lang='lat'>1.</span> 
     </span>
    </p>

    <p class='ocr_par' dir='ltr' id='par_1_7' title="bbox 295 1348 1623 1665">
     <span class='ocr_line' id='line_1_23' title="bbox 354 1348 1622 1386; baseline -0.006 -8"><span class='ocrx_word' id='word_1_191' title='bbox 354 1356 387 1386; x_wconf 76' lang='lat'>(5)</span> <span class='ocrx_word' id='word_1_192' title='bbox 404 1357 481 1378; x_wconf 75' lang='lat' dir='ltr'>lsocr.</span> <span class='ocrx_word' id='word_1_193' title='bbox 497 1355 552 1377; x_wconf 73' lang='lat' dir='ltr'>adv.</span> <span class='ocrx_word' id='word_1_194' title='bbox 576 1353 674 1376; x_wconf 73' lang='lat' dir='ltr'>Gallim.</span> <span class='ocrx_word' id='word_1_195' title='bbox 694 1360 719 1382; x_wconf 86' lang='lat' dir='ltr'>p.</span> <span class='ocrx_word' id='word_1_196' title='bbox 734 1352 791 1380; x_wconf 81' lang='lat'>588,</span> <span class='ocrx_word' id='word_1_197' title='bbox 809 1352 845 1374; x_wconf 79' lang='lat' dir='ltr'>ita</span> <span class='ocrx_word' id='word_1_198' title='bbox 861 1359 890 1374; x_wconf 84' lang='lat' dir='ltr'>ex</span> <span class='ocrx_word' id='word_1_199' title='bbox 906 1352 1028 1380; x_wconf 70' lang='lat' dir='ltr'>Halpocr.</span> <span class='ocrx_word' id='word_1_200' title='bbox 1045 1357 1058 1372; x_wconf 86' lang='lat' dir='ltr'>a</span> <span class='ocrx_word' id='word_1_201' title='bbox 1072 1351 1217 1378; x_wconf 82' lang='lat' dir='ltr'>Maussaco,</span> <span class='ocrx_word' id='word_1_202' title='bbox 1235 1357 1259 1379; x_wconf 87' lang='lat' dir='ltr'>p.</span> <span class='ocrx_word' id='word_1_203' title='bbox 1273 1350 1316 1372; x_wconf 82' lang='lat'>511</span> <span class='ocrx_word' id='word_1_204' title='bbox 1335 1348 1485 1371; x_wconf 74' lang='lat' dir='ltr'>emendatus.</span> <span class='ocrx_word' id='word_1_205' title='bbox 1510 1348 1549 1372; x_wconf 76' lang='lat' dir='ltr'>Cf.</span> <span class='ocrx_word' id='word_1_206' title='bbox 1571 1349 1622 1373; x_wconf 78' lang='lat' dir='ltr'>Va-</span> 
     </span>
     <span class='ocr_line' id='line_1_24' title="bbox 296 1388 1621 1423; baseline -0.007 -4"><span class='ocrx_word' id='word_1_207' title='bbox 296 1398 383 1422; x_wconf 71' lang='lat' dir='ltr'>lesius,</span> <span class='ocrx_word' id='word_1_208' title='bbox 407 1395 512 1418; x_wconf 81' lang='lat' dir='ltr'>Emend.</span> <span class='ocrx_word' id='word_1_209' title='bbox 532 1396 557 1423; x_wconf 90' lang='lat' dir='ltr'>I,</span> <span class='ocrx_word' id='word_1_210' title='bbox 575 1394 619 1423; x_wconf 79' lang='lat'>53,</span> <span class='ocrx_word' id='word_1_211' title='bbox 635 1398 659 1416; x_wconf 76' lang='lat' dir='ltr'>et</span> <span class='ocrx_word' id='word_1_212' title='bbox 678 1394 774 1423; x_wconf 77' lang='lat' dir='ltr'>Coray,</span> <span class='ocrx_word' id='word_1_213' title='bbox 796 1396 813 1415; x_wconf 79' lang='lat' dir='ltr'>t.</span> <span class='ocrx_word' id='word_1_214' title='bbox 832 1394 869 1420; x_wconf 88' lang='lat'>11,</span> <span class='ocrx_word' id='word_1_215' title='bbox 889 1400 914 1422; x_wconf 80' lang='lat' dir='ltr'>p.</span> <span class='ocrx_word' id='word_1_216' title='bbox 932 1391 988 1421; x_wconf 82' lang='lat'>267,</span> <span class='ocrx_word' id='word_1_217' title='bbox 1016 1390 1058 1421; x_wconf 87' lang='lat' dir='ltr'>qui</span> <span class='ocrx_word' id='word_1_218' title='bbox 1074 1393 1098 1412; x_wconf 84' lang='lat' dir='ltr'>et</span> <span class='ocrx_word' id='word_1_219' title='bbox 1117 1389 1143 1411; x_wconf 85' lang='lat' dir='ltr'>in</span> <span class='ocrx_word' id='word_1_220' title='bbox 1160 1389 1218 1412; x_wconf 83' lang='lat' dir='ltr'>Mss.</span> <span class='ocrx_word' id='word_1_221' title='bbox 1242 1388 1384 1412; x_wconf 74' lang='lat' dir='ltr'>Rhinonem</span> <span class='ocrx_word' id='word_1_222' title='bbox 1406 1388 1473 1419; x_wconf 82' lang='lat' dir='ltr'>legit.</span> <span class='ocrx_word' id='word_1_223' title='bbox 1502 1388 1621 1411; x_wconf 71' lang='lat' dir='ltr'>Caeterum</span> 
     </span>
     <span class='ocr_line' id='line_1_25' title="bbox 295 1428 1621 1464; baseline -0.006 -6"><span class='ocrx_word' id='word_1_224' title='bbox 295 1435 398 1459; x_wconf 77' lang='lat' dir='ltr'>occurrit</span> <span class='ocrx_word' id='word_1_225' title='bbox 412 1435 485 1457; x_wconf 81' lang='lat' dir='ltr'>etiam</span> <span class='ocrx_word' id='word_1_226' title='bbox 501 1433 585 1457; x_wconf 81' lang='lat' dir='ltr'>Rhiuo</span> <span class='ocrx_word' id='word_1_227' title='bbox 603 1433 630 1456; x_wconf 88' lang='lat' dir='ltr'>in</span> <span class='ocrx_word' id='word_1_228' title='bbox 647 1433 741 1464; x_wconf 81' lang='lat' dir='ltr'>Fragm.</span> <span class='ocrx_word' id='word_1_229' title='bbox 758 1432 916 1460; x_wconf 76' lang='lat' dir='ltr'>Heraclidis,</span> <span class='ocrx_word' id='word_1_230' title='bbox 932 1432 961 1453; x_wconf 80' lang='lat' dir='ltr'>de</span> <span class='ocrx_word' id='word_1_231' title='bbox 969 1431 1084 1460; x_wconf 78' lang='lat' dir='ltr'>politiis,</span> <span class='ocrx_word' id='word_1_232' title='bbox 1102 1429 1147 1459; x_wconf 90' lang='lat' dir='ltr'>(in</span> <span class='ocrx_word' id='word_1_233' title='bbox 1164 1428 1254 1451; x_wconf 79' lang='lat' dir='ltr'>Prodr.</span> <span class='ocrx_word' id='word_1_234' title='bbox 1272 1428 1342 1451; x_wconf 84' lang='lat' dir='ltr'>Bibl.</span> <span class='ocrx_word' id='word_1_235' title='bbox 1362 1429 1468 1455; x_wconf 77' lang='lat' dir='ltr'>Groecae,</span> <span class='ocrx_word' id='word_1_236' title='bbox 1486 1428 1621 1459; x_wconf 77' lang='lat' dir='ltr'>1.p.206),</span> 
     </span>
     <span class='ocr_line' id='line_1_26' title="bbox 296 1467 1622 1506; baseline -0.006 -8"><span class='ocrx_word' id='word_1_237' title='bbox 296 1475 338 1506; x_wconf 89' lang='lat' dir='ltr'>qui</span> <span class='ocrx_word' id='word_1_238' title='bbox 355 1474 458 1502; x_wconf 80' lang='lat' dir='ltr'>scilicet,</span> <span class='ocrx_word' id='word_1_239' title='bbox 481 1473 562 1497; x_wconf 57' lang='lat' dir='ltr'>eversa</span> <span class='ocrx_word' id='word_1_240' title='bbox 580 1473 655 1495; x_wconf 89' lang='lat' dir='ltr'>XXX</span> <span class='ocrx_word' id='word_1_241' title='bbox 675 1472 785 1496; x_wconf 86' lang='lat' dir='ltr'>virorum</span> <span class='ocrx_word' id='word_1_242' title='bbox 804 1471 951 1502; x_wconf 80' lang='lat' dir='ltr'>tyrannide,</span> <span class='ocrx_word' id='word_1_243' title='bbox 974 1469 1070 1494; x_wconf 80' lang='lat' dir='ltr'>civitati</span> <span class='ocrx_word' id='word_1_244' title='bbox 1088 1476 1142 1492; x_wconf 90' lang='lat' dir='ltr'>cum</span> <span class='ocrx_word' id='word_1_245' title='bbox 1159 1468 1315 1498; x_wconf 83' lang='lat' dir='ltr'>Thrasybulo</span> <span class='ocrx_word' id='word_1_246' title='bbox 1334 1467 1467 1497; x_wconf 67' lang='lat' dir='ltr'>praefuerit.</span> <span class='ocrx_word' id='word_1_247' title='bbox 1486 1468 1548 1490; x_wconf 87' lang='lat' dir='ltr'>Cum</span> <span class='ocrx_word' id='word_1_248' title='bbox 1565 1475 1622 1491; x_wconf 81' lang='lat' dir='ltr'>vero</span> 
     </span>
     <span class='ocr_line' id='line_1_27' title="bbox 295 1506 1623 1544; baseline -0.008 -6"><span class='ocrx_word' id='word_1_249' title='bbox 295 1516 368 1544; x_wconf 82' lang='lat' dir='ltr'>hujus</span> <span class='ocrx_word' id='word_1_250' title='bbox 378 1515 413 1537; x_wconf 85' lang='lat' dir='ltr'>rei</span> <span class='ocrx_word' id='word_1_251' title='bbox 428 1521 547 1544; x_wconf 84' lang='lat' dir='ltr'>nusquam</span> <span class='ocrx_word' id='word_1_252' title='bbox 564 1513 624 1535; x_wconf 80' lang='lat' dir='ltr'>alibi</span> <span class='ocrx_word' id='word_1_253' title='bbox 639 1512 704 1542; x_wconf 82' lang='lat' dir='ltr'>apud</span> <span class='ocrx_word' id='word_1_254' title='bbox 720 1516 810 1536; x_wconf 77' lang='lat' dir='ltr'>veteres</span> <span class='ocrx_word' id='word_1_255' title='bbox 826 1515 903 1535; x_wconf 79' lang='lat' dir='ltr'>exstet</span> <span class='ocrx_word' id='word_1_256' title='bbox 920 1509 1098 1536; x_wconf 75' lang='lat' dir='ltr'>testimonium3</span> <span class='ocrx_word' id='word_1_257' title='bbox 1114 1515 1168 1531; x_wconf 89' lang='lat' dir='ltr'>cum</span> <span class='ocrx_word' id='word_1_258' title='bbox 1179 1516 1191 1531; x_wconf 93' lang='lat' dir='ltr'>e</span> <span class='ocrx_word' id='word_1_259' title='bbox 1204 1507 1325 1531; x_wconf 79' lang='lat' dir='ltr'>contrario</span> <span class='ocrx_word' id='word_1_260' title='bbox 1341 1511 1453 1530; x_wconf 79' lang='lat' dir='ltr'>sexcenta</span> <span class='ocrx_word' id='word_1_261' title='bbox 1466 1506 1623 1535; x_wconf 79' lang='lat' dir='ltr'>adsintloca,</span> 
     </span>
     <span class='ocr_line' id='line_1_28' title="bbox 298 1545 1623 1585; baseline -0.007 -8"><span class='ocrx_word' id='word_1_262' title='bbox 298 1555 323 1577; x_wconf 91' lang='lat' dir='ltr'>iu</span> <span class='ocrx_word' id='word_1_263' title='bbox 339 1555 425 1585; x_wconf 87' lang='lat' dir='ltr'>quibus</span> <span class='ocrx_word' id='word_1_264' title='bbox 440 1553 609 1583; x_wconf 83' lang='lat' dir='ltr'>Thrasybulus</span> <span class='ocrx_word' id='word_1_265' title='bbox 629 1560 684 1575; x_wconf 87' lang='lat' dir='ltr'>curn</span> <span class='ocrx_word' id='word_1_266' title='bbox 704 1551 813 1575; x_wconf 83' lang='lat' dir='ltr'>Archino</span> <span class='ocrx_word' id='word_1_267' title='bbox 831 1550 1007 1580; x_wconf 74' lang='lat' dir='ltr'>conjungatur,</span> <span class='ocrx_word' id='word_1_268' title='bbox 1027 1556 1130 1579; x_wconf 86' lang='lat' dir='ltr'>quorum</span> <span class='ocrx_word' id='word_1_269' title='bbox 1147 1548 1247 1571; x_wconf 78' lang='lat' dir='ltr'>collecta</span> <span class='ocrx_word' id='word_1_270' title='bbox 1264 1547 1385 1570; x_wconf 85' lang='lat' dir='ltr'>nonnulla</span> <span class='ocrx_word' id='word_1_271' title='bbox 1404 1546 1487 1571; x_wconf 84' lang='lat' dir='ltr'>videre</span> <span class='ocrx_word' id='word_1_272' title='bbox 1505 1550 1540 1569; x_wconf 74' lang='lat' dir='ltr'>est</span> <span class='ocrx_word' id='word_1_273' title='bbox 1557 1545 1623 1576; x_wconf 75' lang='lat' dir='ltr'>apud</span> 
     </span>
     <span class='ocr_line' id='line_1_29' title="bbox 302 1585 1622 1624; baseline -0.006 -6"><span class='ocrx_word' id='word_1_274' title='bbox 302 1595 432 1624; x_wconf 84' lang='lat' dir='ltr'>Taylorum</span> <span class='ocrx_word' id='word_1_275' title='bbox 449 1594 474 1617; x_wconf 91' lang='lat' dir='ltr'>iu</span> <span class='ocrx_word' id='word_1_276' title='bbox 498 1595 558 1617; x_wconf 79' lang='lat' dir='ltr'>Vita</span> <span class='ocrx_word' id='word_1_277' title='bbox 576 1594 679 1624; x_wconf 73' lang='lat' dir='ltr'>Lysioe,</span> <span class='ocrx_word' id='word_1_278' title='bbox 705 1597 731 1623; x_wconf 76' lang='grc' dir='ltr'>ρ’,</span> <span class='ocrx_word' id='word_1_279' title='bbox 749 1592 775 1615; x_wconf 87' lang='grc' dir='ltr'>5ι</span> <span class='ocrx_word' id='word_1_280' title='bbox 787 1610 796 1619; x_wconf 80' lang='lat'>,</span> <span class='ocrx_word' id='word_1_281' title='bbox 823 1590 899 1619; x_wconf 84' lang='lat' dir='ltr'>mihi,</span> <span class='ocrx_word' id='word_1_282' title='bbox 924 1590 955 1613; x_wconf 87' lang='lat' dir='ltr'>ad</span> <span class='ocrx_word' id='word_1_283' title='bbox 975 1590 1048 1619; x_wconf 79' lang='lat' dir='ltr'>hujus</span> <span class='ocrx_word' id='word_1_284' title='bbox 1067 1588 1116 1612; x_wconf 86' lang='lat' dir='ltr'>viri</span> <span class='ocrx_word' id='word_1_285' title='bbox 1137 1587 1275 1618; x_wconf 77' lang='lat' dir='ltr'>exemplum</span> <span class='ocrx_word' id='word_1_286' title='bbox 1287 1603 1293 1615; x_wconf 89' lang='lat'>,</span> <span class='ocrx_word' id='word_1_287' title='bbox 1317 1587 1343 1610; x_wconf 84' lang='lat' dir='ltr'>in</span> <span class='ocrx_word' id='word_1_288' title='bbox 1360 1585 1474 1609; x_wconf 84' lang='lat' dir='ltr'>hocloco</span> <span class='ocrx_word' id='word_1_289' title='bbox 1497 1585 1622 1610; x_wconf 75' lang='lat' dir='ltr'>restituere</span> 
     </span>
     <span class='ocr_line' id='line_1_30' title="bbox 299 1625 1558 1665; baseline -0.005 -10"><span class='ocrx_word' id='word_1_290' title='bbox 299 1633 370 1656; x_wconf 80' lang='lat' dir='ltr'>liceat</span> <span class='ocrx_word' id='word_1_291' title='bbox 387 1642 429 1663; x_wconf 81' lang='lat' dir='ltr'>pro</span> <span class='ocrx_word' id='word_1_292' title='bbox 447 1633 487 1658; x_wconf 65' lang='grc' dir='ltr'>καὶ</span> <span class='ocrx_word' id='word_1_293' title='bbox 504 1632 596 1665; x_wconf 76' lang='grc' dir='ltr'><strong><em>Τίνων,</em></strong></span> <span class='ocrx_word' id='word_1_294' title='bbox 614 1632 657 1658; x_wconf 69' lang='grc' dir='ltr'>καὶ</span> <span class='ocrx_word' id='word_1_295' title='bbox 675 1633 795 1664; x_wconf 74' lang='grc' dir='ltr'>Ἀρχῒνοςε</span> <span class='ocrx_word' id='word_1_296' title='bbox 816 1644 846 1649; x_wconf 89' lang='grc'><strong>-</strong></span> <span class='ocrx_word' id='word_1_297' title='bbox 863 1631 940 1654; x_wconf 80' lang='lat' dir='ltr'>fateor</span> <span class='ocrx_word' id='word_1_298' title='bbox 956 1635 1050 1657; x_wconf 78' lang='lat' dir='ltr'>tamen,</span> <span class='ocrx_word' id='word_1_299' title='bbox 1068 1628 1163 1652; x_wconf 80' lang='lat' dir='ltr'>nuliam</span> <span class='ocrx_word' id='word_1_300' title='bbox 1179 1627 1258 1651; x_wconf 82' lang='lat' dir='ltr'>adesse</span> <span class='ocrx_word' id='word_1_301' title='bbox 1273 1627 1389 1650; x_wconf 82' lang='lat' dir='ltr'>Codicum</span> <span class='ocrx_word' id='word_1_302' title='bbox 1406 1625 1558 1651; x_wconf 76' lang='lat' dir='ltr'>varietatem.</span> 
     </span>
    </p>
   </div>
  </div>
 </body>
</html>
