1820 2568
890 213 907 254 (
929 214 968 245 32
990 212 1008 255 )

294 294 418 338 Argivis
437 292 475 324 ad
495 300 604 334 poenas
624 288 835 333 postularent,
857 288 891 319 ni
914 292 988 318 ante
1008 285 1080 318 solis
1099 296 1245 317 occasum
1263 284 1388 317 abirent
1407 276 1518 328 legati,
1539 287 1615 320 hos-

294 350 375 381 tium
398 347 465 378 loco
485 343 647 377 habendos
672 354 737 374 esse
760 342 816 385 (1).
844 340 1004 380 Thebani,
1030 345 1067 372 ut
1088 338 1245 370 maculam
1266 338 1491 381 obliterarent,
1518 352 1615 383 quam

293 402 351 433 sibi
373 401 590 443 adsperserant
616 398 762 440 ipsimet,
789 394 944 426 sententia
969 393 1023 425 illa
1050 393 1182 424 immani
1208 393 1240 424 in
1267 393 1423 424 sociorum
1452 400 1614 427 conventu

293 455 355 486 lata
389 454 428 484 de
462 451 594 483 Athenis
627 450 692 481 solo
727 448 905 492 aequandis,
939 453 1035 490 atque
1074 445 1318 477 Lacedaemoniis
1353 446 1612 490 adversarentur,

293 513 401 540 contra
424 507 539 537 horum
562 504 727 535 decretum
748 502 835 533 aliud
855 501 1017 541 tulerunt,
1039 499 1125 543 quod
1148 499 1278 531 summis
1298 501 1411 530 merito
1430 500 1522 531 effert
1541 500 1616 533 lau-

293 560 384 592 dibus
406 558 615 597 Plutarchus,
644 555 725 588 illud
748 554 1014 587 humanissimum
1035 565 1071 584 ac
1093 563 1169 585 vere
1193 553 1342 584 Graecum
1366 553 1558 596 praedicans,
1584 561 1617 587 et

294 620 358 645 tam
383 613 535 655 dignum,
564 616 628 641 tam
650 609 839 652 praeclarum
863 607 1063 646 existimans,
1088 612 1126 637 ut
1147 605 1293 636 Herculis
1317 606 1499 649 Bacchique
1525 608 1616 640 factis

293 666 477 709 {equiparat
509 664 580 694 Huc
600 662 669 694 fere
687 661 796 693 rediit:
823 672 840 692 1)
857 660 961 692 Omne
983 665 1105 691 tectum
1125 665 1158 690 et
1180 650 1335 702 oppidum
1356 659 1496 691 Boeotiae
1513 660 1617 692 Athe-

293 719 471 757 niensibus,
503 718 528 748 si
552 716 667 760 quibus
695 726 771 747 usus
794 714 895 753 foret,
922 719 1051 757 pate1e3
1083 713 1138 756 qui
1164 712 1285 752 exsuli,
1315 712 1392 744 dum
1421 714 1614 756 duceretur,

292 784 357 803 non
378 782 435 813 pro
457 770 541 802 virili
561 774 650 811 parte
673 778 766 810 opem
789 766 927 805 tulisset,
951 777 1025 796 eum
1049 765 1205 796 talentum
1225 765 1335 796 multae
1356 766 1486 797 nomine
1506 769 1616 809 pensi-

291 832 419 862 turum;
445 823 470 853 si
490 822 560 863 quis
580 821 720 851 Athenas
743 830 800 860 per
820 818 982 849 Boeotiam
1003 828 1089 848 arma
1111 818 1211 848 ferret
1237 818 1271 848 in
1295 823 1466 860 tyrannos,
1491 822 1615 853 nemini

291 876 517 908 Thebanorum
537 874 584 904 fas
606 883 687 912 esse,
712 871 745 902 id
764 870 816 903 vel
838 871 963 910 videre,
986 870 1037 901 vel
1058 870 1169 901 audire
1189 869 1275 912 (2).’'
1302 870 1452 909 Quocum
1472 872 1614 915 decreto,
1629 866 1637 875 ’

291 936 330 961 ut
355 929 437 960 facta
461 938 517 959 sua
542 925 769 965 convenirent,
795 930 1003 956 curaverunt.
1037 923 1155 955 Thebis
1178 923 1265 954 enim
1291 935 1356 955 non
1380 924 1483 956 solum
1508 931 1616 959 tutum

293 982 441 1015 exsilium
465 986 602 1024 egerunt
624 979 774 1022 profugi,
803 989 917 1011 verum
938 978 1034 1009 etiam
1057 989 1146 1021 spem
1170 978 1397 1021 recuperandae
1424 980 1534 1022 patriae
1563 991 1617 1012 re-

293 1040 449 1079 ceperunt
468 1034 526 1076 (3).

336 1089 413 1120 Erat
443 1088 526 1118 inter
555 1085 701 1124 exsules,
733 1083 1004 1128 quemadmodum
1037 1082 1192 1122 vidimus,
1222 1083 1459 1127 Thrasybulus,
1494 1087 1543 1118 vir
1568 1087 1618 1118 uti

293 1149 457 1180 strenuus,
484 1140 527 1170 ita
552 1144 716 1177 constans,
747 1138 858 1180 patriae
886 1148 1013 1176 amans,
1038 1136 1234 1178 reliquisque
1261 1137 1419 1180 praeclaris
1445 1138 1618 1172 virtutibus

294 1195 460 1238 insigniter
480 1192 648 1236 praeditus,
670 1191 727 1234 qui
746 1190 931 1222 audendum
950 1189 1070 1232 aliquid
1091 1200 1148 1232 pro
1167 1189 1268 1231 patria
1283 1195 1316 1220 et
1331 1202 1388 1233 pro
1407 1190 1508 1222 salute
1529 1203 1619 1223 com-

293 1249 403 1287 muni,
432 1247 528 1278 etiam
559 1257 633 1276 cum
655 1245 728 1277 vitae
750 1243 913 1287 periculo,
938 1249 1044 1282 ratus,
1071 1243 1419 1285 magnificentissimum
1448 1244 1530 1276 illud
1561 1257 1619 1289 ag-

294 1312 417 1344 gressus
437 1306 483 1331 est
499 1299 639 1338 facinus,
661 1309 724 1341 quo
741 1296 953 1328 immortalem
974 1296 1105 1340 gloriam
1123 1301 1338 1338 consequutus
1352 1301 1409 1327 est.
1436 1297 1485 1328 Ex
1501 1297 1618 1329 Thebis

293 1355 379 1385 enim
400 1365 474 1384 cum
497 1353 578 1383 circa
601 1351 800 1394 septuaginta
819 1350 868 1392 (4)
888 1361 1076 1389 excurrens,
1100 1349 1225 1392 Phylen
1247 1351 1430 1392 occupavit,
1453 1351 1617 1384 castellum

293 1407 560 1445 munitissimum,
582 1405 714 1436 Athenis
733 1404 758 1435 C
778 1403 884 1435 stadiis
905 1403 1038 1442 distans,
1065 1402 1151 1434 unde
1172 1402 1293 1445 prolixa
1314 1408 1382 1434 erat
1398 1403 1618 1436 incursionum

294 1461 414 1492 occasio
434 1459 492 1502 (5).
527 1459 600 1498 Quo
628 1458 770 1501 cognito,
795 1458 895 1488 XXX
922 1458 981 1489 viri
1006 1457 1244 1499 quamprimum
1271 1456 1382 1487 auxilii
1407 1468 1514 1488 caussa
1543 1470 1619 1490 cum

293 1514 358 1545 suis
383 1512 484 1544 trihus
514 1511 654 1542 millibus
683 1517 715 1542 et
741 1510 903 1553 equitibus
928 1521 967 1541 ex
994 1509 1074 1541 urbe
1098 1509 1223 1552 Phylen
1251 1519 1356 1541 versus
1382 1511 1498 1552 egressi
1522 1516 1617 1549 sunt,

295 1567 393 1609 idque
411 1564 491 1597 coelo
511 1575 665 1607 perquam
685 1574 806 1594 sereno.
824 1564 973 1602 Quocum
995 1569 1129 1595 ventum
1149 1569 1244 1602 esset,
1268 1575 1340 1594 mox
1359 1561 1524 1606 juniorum
1544 1565 1620 1607 qui-

296 1620 385 1658 dam,
415 1618 534 1649 caeteris
556 1617 755 1656 audaciores,
786 1618 820 1648 in
843 1616 1007 1648 castellum
1031 1617 1190 1659 impetum
1217 1616 1360 1656 faciunt,
1389 1616 1444 1647 sed
1471 1617 1561 1648 nulla
1584 1628 1620 1648 re

296 1677 439 1714 peracta,
464 1671 663 1714 acceptisque
685 1669 872 1703 vulneribus
895 1670 1051 1702 recedunt
1071 1670 1129 1712 (6).
1156 1669 1238 1701 Cum
1263 1680 1338 1702 vero
1358 1670 1459 1702 XXX
1477 1671 1536 1703 viri
1555 1671 1619 1702 cir-

298 1724 490 1756 cumvallare
511 1735 562 1755 eos
583 1729 746 1767 pararent,
774 1730 830 1763 ut,
859 1724 1026 1755 itineribus
1051 1722 1091 1755 ad
1112 1728 1325 1754 commeatum
1351 1723 1549 1763 interclusis,
1579 1723 1618 1754 ad

358 1838 390 1867 (1)
407 1836 550 1863 Demosdn,
568 1837 597 1858 de
612 1837 765 1860 Rhodiorum
782 1837 907 1864 libertate,
925 1845 950 1867 p.
966 1837 1007 1865 80,
1027 1836 1066 1859 ed.
1081 1835 1178 1860 Wolfii.

358 1877 391 1906 (Ζ)
408 1876 478 1898 Plut.
494 1875 520 1898 iu
535 1876 609 1904 [ιγ-1.,
628 1883 651 1905 p.
669 1877 726 1905 448,
744 1877 776 1906 E,
795 1877 820 1899 iu
836 1877 970 1906 Pelopida,
988 1884 1013 1906 p.
1034 1876 1086 1898 280.

358 1916 391 1945 (3)
409 1915 531 1945 Xenoph.,
550 1923 570 1937 c.
589 1915 616 1943 4,
637 1915 649 1944 §
665 1923 691 1944 2,
710 1916 864 1943 Dinarchus,
882 1917 900 1939 1.
915 1916 933 1939 l.
950 1916 1042 1944 Diod.‚
1061 1923 1081 1938 c.
1098 1914 1139 1943 82,
1156 1914 1240 1941 Plut„
1257 1913 1275 1935 l.
1292 1913 1309 1935 l.
1329 1914 1453 1942 Iustinus,
1472 1914 1490 1937 l.
1509 1915 1526 1937 1.

358 1956 392 1985 (4)
410 1954 534 1984 Xenoplz„
550 1954 567 1976 l.
585 1954 602 1976 1.
622 1955 709 1982 Plut.,
724 1956 753 1977 de
768 1957 855 1979 Gloria
870 1956 977 1982 Athen„
992 1963 1016 1985 p.
1027 1955 1085 1982 345,
1103 1954 1141 1977 ed.
1154 1954 1173 1977 1.
1188 1953 1240 1976 Alii
1253 1952 1329 1976 alium
1345 1960 1473 1977 numerum
1493 1954 1600 1978 tradunt.

358 1995 391 2024 (5)
409 1993 534 2023 Xenoph.‚
552 1993 570 2016 l.
586 1993 604 2016 l.
621 1995 714 2023 Diod„
732 1994 748 2017 l.
768 1995 785 2018 1.
803 1996 883 2025 Nepos
902 1996 927 2018 in
949 1994 1082 2025 Thrasyb„
1102 2002 1124 2016 c.
1138 2001 1163 2022 2,
1180 1993 1304 2019 Justinus,
1323 1992 1340 2015 l.
1358 1992 1375 2015 1.

358 2033 391 2063 (6)
410 2033 518 2063 Xenoph.
530 2050 536 2062 ‚
555 2032 573 2056 l.
592 2033 609 2056 1.
