1820 2568
811 230 826 269 (
851 229 890 259 55
914 228 925 270 )

197 314 286 343 mus,
318 300 542 335 communibus
570 302 726 343 suffragiis
756 300 948 340 damnandi,
976 306 1013 332 ut
1040 303 1218 333 communis
1248 303 1324 334 hinc
1350 304 1465 336 fiducia
1495 311 1522 336 c!

197 362 303 388 metus
329 355 416 388 vobis
439 366 475 386 ac
497 354 586 386 nobis
610 353 769 385 exsistat.'’
803 354 906 385 Simul
932 354 1038 385 locum
1062 361 1186 387 certum
1214 356 1460 397 demonstravit⁷
1493 359 1532 392 in,

197 421 262 453 quo
282 409 396 441 calculi
416 408 520 451 palam
542 408 619 439 ferri
644 413 814 450 oporteret.
838 408 961 439 Interea
986 409 1170 451 praesidiarii
1191 411 1338 442 Laconici
1362 411 1526 442 dimidiam

199 463 281 494 Odei
305 468 427 505 partem
452 461 564 492 armati
584 460 646 504 jam
669 468 905 504 occupaverant
921 462 983 504 (1),
1010 463 1217 504 quamobrem
1239 475 1348 496 omnes
1369 464 1433 495 una
1454 476 1526 496 sen—

199 516 297 547 tentia
313 515 514 558 mortis-sunt
530 513 744 545 condemnati.
770 515 864 547 Multi
886 517 982 547 etiam
1001 517 1084 549 cives
1101 518 1259 549 Salamine
1276 525 1367 549 erant
1382 519 1524 554 abducti‚

198 575 231 601 et
254 569 292 600 de
313 569 543 611 conspiratione
566 579 640 600 cum
665 568 828 600 exsulibus
854 570 1009 610 arcessiti,
1036 571 1093 613 qui
1114 571 1210 602 simul
1238 583 1312 603 cum
1340 572 1525 611 Eleusiniis,

197 623 331 654 trecenti
349 633 500 661 numero,
526 621 658 665 indigno
681 621 837 664 supplicio
858 623 993 654 fuerunt
1014 623 1119 655 affecti
1137 624 1194 666 (2).

700 852 896 883 CAPUT
947 854 1019 885 III.

199 972 325 992 EXSULES
344 972 374 991 IN
391 971 511 991 PmAEUM
528 969 714 999 TRANSEUNT,
739 970 976 996 MUNYCfflAMQUE
992 971 1157 991 OCCUPANT.
1173 979 1217 985 --
1232 972 1376 1000 TYRANNI,
1397 973 1525 993 PROELIO

220 1036 318 1065 wem,
344 1035 509 1060 OCCISOQUE
533 1033 648 1063 CR1T1A‚
671 1033 813 1054 ELEUSINA
831 1034 1045 1056 SEVRECIPIUNT.
1061 1040 1105 1046 ·-
1122 1035 1142 1053 X
1157 1035 1221 1053 VIRI
1242 1035 1501 1056 CONSTITUUNTUR.

239 1254 361 1285 Paucos
385 1257 456 1295 post
482 1251 549 1282 dies
574 1249 813 1293 Thrasybulu5‚
838 1261 947 1281 secum
972 1252 1101 1291 sumtis,
1135 1251 1192 1294 qui
1213 1251 1337 1294 Phylen
1361 1251 1425 1295 jam
1448 1264 1526 1284 con-

196 1308 372 1346 fluxerant,
398 1305 438 1337 ad
457 1305 564 1345 mille,
586 1305 639 1337 vel
660 1304 838 1336 secundum
858 1304 1051 1344 Diodorum,
1074 1304 1162 1335 mille
1184 1311 1217 1336 et
1237 1305 1407 1345 ducentos,
1428 1313 1527 1338 noctu

195 1361 228 1391 in
242 1361 382 1391 Piraeum
407 1359 504 1392 venit.
530 1358 627 1397 Quod
644 1370 719 1390 cum
738 1358 865 1401 tyranni
880 1358 981 1390 XXX
1000 1359 1239 1401 cognovissent,
1266 1360 1334 1390 sine
1359 1359 1446 1391 mora
1465 1361 1524 1403 ipsi

196 1425 272 1445 cum
290 1412 435 1456 praesidio
458 1413 545 1443 omni
563 1413 719 1443 Laconico
741 1418 773 1443 et
795 1423 869 1443 cum
891 1413 1038 1455 equitum
1060 1412 1271 1455 peditumque
1294 1414 1397 1456 gravis
1420 1424 1526 1445 arma—

195 1472 276 1498 turae
297 1466 413 1508 copiis,
441 1465 559 1497 auxilio
581 1466 646 1497 suis
674 1465 783 1506 were,
809 1467 894 1499 viam
918 1468 1062 1510 sequuti,
1097 1467 1160 1509 qua
1186 1478 1299 1498 currus
1326 1466 1365 1497 ab
1390 1467 1471 1498 urbe
1491 1469 1525 1498 in

196 1519 334 1551 Piraeum
361 1530 539 1550 commeare
559 1519 711 1551 solebant.
746 1521 807 1552 Eos
826 1532 902 1553 vero
927 1522 962 1552 in
985 1521 1180 1552 munitiones
1202 1519 1353 1550 scandere
1376 1520 1439 1559 illi,
1468 1521 1524 1562 qui

196 1570 298 1612 Phyle
317 1578 486 1612 venerant,
509 1572 679 1614 prohibere
700 1574 907 1605 conabantur.
932 1575 994 1605 Sed
1020 1585 1094 1605 cum
1113 1573 1404 1604 animadverterent
1421 1572 1524 1615 majo-

195 1633 264 1654 rem
288 1634 353 1654 esse
373 1625 466 1655 Piraei
488 1625 662 1666 ambitum,
686 1638 783 1668 quam
803 1638 900 1669 quem
920 1627 983 1667 illi,
1007 1627 1063 1669 qui
1083 1625 1187 1657 adhuc
1206 1631 1271 1657 tam
1292 1626 1386 1668 pauci
1405 1632 1523 1665 essent,

195 1675 338 1707 custodia
354 1676 659 1719 complecterentur,
677 1680 820 1711 conferto
837 1682 980 1724 agmine,
993 1680 1217 1723 Munychiam,
1233 1680 1393 1711 desertum
1406 1690 1523 1722 quem-

195 1727 269 1758 dam
290 1728 420 1769 collem⁷
443 1729 498 1760 sed
523 1731 703 1771 munitum,
729 1743 763 1764 se
788 1733 1006 1766 contulerunt.
1036 1733 1078 1764 At
1101 1733 1232 1772 urbani,
1259 1743 1334 1764 cum
1357 1733 1392 1763 in
1415 1732 1523 1764 forum

193 1779 458 1823 Hippodamaeum
477 1783 652 1823 venissent,
675 1785 816 1826 primum
837 1787 880 1818 ita
898 1788 998 1818 aciem
1019 1787 1257 1826 instruxerunt,
1278 1792 1315 1818 ut
1333 1786 1416 1818 viam
1433 1797 1523 1817 com-

194 1833 339 1876 plerent,
365 1833 405 1864 ad
428 1834 537 1865 Dianae
559 1835 740 1879 Munychiae
765 1839 922 1882 templum
943 1840 1135 1879 ducentem,
1163 1840 1361 1882 agminisque
1386 1839 1523 1870 densitas

193 1897 259 1917 non
282 1888 447 1929 pauciores
471 1888 704 1932 quinquaginta
731 1893 861 1923 scutatis
886 1893 1082 1932 contineret;
1116 1898 1149 1923 et
1173 1893 1217 1923 sic
1239 1892 1375 1924 ordinati
1396 1904 1521 1924 sursum

254 1996 299 2026 (ι)
316 1997 427 2026 Xenoph.
448 1997 461 2027 §
479 1998 517 2019 8-
530 2006 564 2020 10.

252 2036 297 2066 (2)
313 2037 391 2060 Diod.
409 2037 427 2060 l.
441 2037 458 2060 l.
475 2038 579 2068 Lysias,
599 2043 683 2063 contra
697 2040 771 2064 Erat.
789 2048 814 2071 p.
829 2049 873 2064 210
889 2049 937 2072 seq.
957 2045 1043 2065 contra
1057 2043 1135 2072 Agar.
1155 2050 1179 2073 p.
1195 2042 1248 2072 247.
