1820 2568
807 232 822 272 (
847 243 880 262 2¹
908 232 923 273 )

191 305 396 337 instauranda
411 317 526 348 magno
537 304 659 336 civibus
670 303 789 335 auxilio
803 303 948 345 proxime
964 302 1105 335 futurus.
1116 323 1159 329 —
1170 306 1378 338 Polemarcllo
1397 313 1503 339 autem
1513 332 1521 347 ,

192 371 259 391 non
276 361 319 391 ita
338 359 439 398 felici,
460 359 588 390 solitum
602 358 759 389 nuncium
780 356 1017 388 denunciarunt
1038 357 1138 389 XXX
1159 359 1237 399 viri,
1258 366 1295 391 ut
1316 361 1453 392 cicutam
1474 360 1526 391 bi-

192 412 299 453 beret,
320 413 406 444 necis
420 411 538 443 indicta
555 411 673 442 caussa.
690 411 814 449 Quem,
831 422 906 442 cum
922 421 960 441 ex
981 421 1107 442 carcere
1128 418 1273 444 mortuus
1289 419 1522 456 exportaretur,

193 477 259 497 non
280 476 317 496 ex
340 464 461 497 aedibus
484 464 568 502 suis,
594 474 672 505 quas
693 474 768 494 cum
788 462 887 493 fratre
907 469 970 493 tres
990 463 1142 504 habebat,
1169 465 1275 497 efferri
1294 467 1524 508 permiserunt,

193 518 249 550 sed
269 517 425 549 conduct-1⁴1
448 515 651 555 domuscula,
676 515 721 546 ibi
741 527 817 547 eum
836 523 1068 558 exposuerunt,
1092 524 1139 557 et,
1164 518 1239 549 licet
1264 520 1293 549 ei
1315 519 1425 550 multae
1443 519 1527 550 fuis-

193 577 264 603 sent
289 576 410 610 vestes,
434 570 559 601 nullam
583 575 691 600 tamen
715 569 755 600 ad
775 569 975 612 sepulturam
996 570 1104 600 amicis
1126 571 1310 613 petentibus
1327 583 1523 611 concessere,

194 634 332 667 quorum
359 634 434 655 vero
460 635 545 654 unus
578 629 719 662 vestem,
752 623 902 665 pulvinar
931 623 1025 663 alter,
1059 623 1138 654 alter
1169 623 1387 668 quodcunque
1411 631 1525 667 praesto

193 682 291 716 esset,
321 677 356 707 in
384 676 484 708 funus
512 676 680 708 dederunt.
710 694 754 700 -
781 677 827 707 Ita
858 677 988 719 triginta
1015 677 1143 719 tyranni
1170 688 1210 708 ex
1238 677 1329 708 bonis
1358 679 1459 720 Lysiae
1489 688 1526 708 ac

193 730 394 765 Polemarchi
413 731 629 772 septingentos
649 735 829 772 rapuerunt
847 729 989 772 clypeos,
1017 729 1157 761 multum
1179 731 1250 762 auri
1271 736 1366 773 atque
1384 731 1525 773 argenti,

193 789 348 825 praeterea
373 794 432 821 aes,
456 783 642 814 vestimenta
664 788 696 813 et
720 782 971 824 supellectilem,
998 793 1161 814 servorum
1188 783 1328 826 denique
1354 784 1468 826 viginti
1495 789 1527 814 et

195 842 344 875 centum,
369 847 508 878 quorum
532 836 803 877 praestantissimos
831 846 974 877 quosque
998 835 1057 865 sibi
1081 842 1302 875 reservarunt,
1330 836 1468 878 reliquos
1493 837 1528 867 iu

199 888 366 932 publicum
389 888 566 920 contulere.
599 888 665 919 Nec
694 899 758 918 non
782 888 911 930 egregia
937 889 970 917 in
995 893 1059 917 toto
1085 887 1145 918 hoc
1169 889 1296 930 negotio
1327 888 1528 931 inexplebilis

196 953 262 973 suae
284 941 465 984 cupiditatis
486 942 659 984 specimina
686 940 870 983 prodidere,
894 941 938 971 ita
961 940 1109 982 quidem,
1130 947 1168 972 ut
1188 941 1361 980 Melobius,
1382 941 1439 972 ubi
1459 942 1529 985 pri—

196 1006 287 1026 mum
311 995 346 1025 in
371 993 572 1025 Polemarchi
603 994 684 1025 aedes
707 994 860 1032 venisset,
891 995 984 1024 uxori
1013 994 1112 1035 ipsius
1137 994 1266 1025 inaures
1294 1005 1425 1033 aureaS,
1450 1005 1529 1037 quas

196 1046 349 1086 habebat,
375 1047 408 1078 vi
430 1046 603 1077 detraxerit
620 1046 677 1087 (1).

239 1098 289 1129 Ab
313 1108 351 1128 eo
374 1097 449 1128 inde
469 1103 631 1138 tempore,
667 1107 731 1138 quo
757 1096 885 1128 saevitiae
906 1096 940 1127 in
963 1097 1137 1140 inquilinos
1163 1098 1440 1130 vehementissime
1464 1111 1530 1131 sese

197 1151 638 1195 opposueratThex-amenes,
661 1156 693 1181 et
715 1161 780 1181 una
801 1161 876 1181 cum
897 1152 1032 1190 caeteris,
1058 1151 1116 1193 qui
1139 1151 1179 1182 ad
1205 1152 1340 1184 salutem
1367 1152 1530 1195 publicam

195 1206 339 1236 animum
362 1203 569 1247 adjiciebant,
594 1203 762 1235 minitatus
782 1209 867 1242 erat,
895 1214 928 1234 se
949 1203 1104 1234 libertatis
1128 1204 1289 1236 vindicem
1308 1205 1378 1237 fore
1400 1206 1465 1248 (2),
1494 1207 1529 1237 in

196 1257 391 1300 collegarum
422 1256 532 1288 odium
557 1257 601 1287 ita
628 1256 784 1294 incurrit,
817 1261 855 1286 ut
880 1266 970 1286 suam
999 1256 1133 1288 salutem
1160 1269 1235 1289 cum
1258 1259 1358 1301 ipsius
1387 1265 1530 1291 constare

194 1309 446 1353 haudquaquam
466 1320 555 1352 posse
578 1315 761 1349 censerent,
785 1320 860 1340 cum
884 1309 923 1340 ab
947 1320 985 1340 eo
1006 1311 1145 1342 maxime
1170 1312 1422 1354 impedirentur,
1446 1324 1524 1356 quo-

196 1363 303 1394 minus
320 1374 378 1405 pro
391 1362 524 1394 libidine
545 1362 601 1394 sua
618 1363 725 1394 omnia
744 1369 886 1406 agerent.
910 1363 994 1394 Hinc
1011 1364 1140 1395 insidias
1156 1365 1186 1396 ei
1205 1371 1328 1396 struere
1346 1372 1529 1408 coeperunt,

195 1426 336 1458 eumque
357 1415 439 1447 clam
454 1415 540 1458 apud
559 1416 725 1447 Senatores
744 1415 782 1458 (a
801 1415 918 1459 quibus
937 1427 977 1447 ex
995 1417 1067 1460 lege
1085 1417 1220 1461 judicari
1243 1429 1318 1450 eum
1332 1418 1526 1461 oportebat),

196 1468 277 1500 alius
299 1468 386 1511 apud
405 1468 504 1500 alium
521 1475 597 1500 sunt
616 1469 819 1509 calumniati,
841 1475 889 1508 et,
911 1476 949 1501 ut
968 1475 1119 1502 caverent
1137 1470 1302 1502 hominem
1318 1482 1384 1502 non
1403 1477 1529 1503 tantum

198 1521 321 1554 diversa
353 1522 542 1553 sentientem
555 1546 564 1562 ,
598 1522 653 1553 sed
687 1529 720 1554 et
755 1523 941 1566 reipublicae
979 1529 1097 1555 statum
1134 1530 1278 1557 evertere
1318 1525 1529 1567 cogitantem,

199 1580 396 1605 monuerunt
414 1574 471 1616 (3).
500 1574 572 1605 Non
593 1574 663 1606 haec
682 1575 803 1617 fugisse
827 1575 1078 1616 Theramenem,
1104 1576 1159 1608 sed
1187 1576 1346 1619 pericula,
1374 1588 1447 1620 quoe
1471 1577 1530 1609 sibi

198 1626 423 1666 imminebant,
449 1627 645 1669 praevidisse,
670 1628 782 1669 utique
798 1626 938 1658 videtur.
964 1627 1037 1658 Non
1060 1628 1163 1660 multo
1182 1629 1270 1660 enim
1291 1636 1365 1661 ante
1387 1630 1530 1662 miserri-

198 1691 290 1714 mum
310 1680 393 1712 vitae*
408 1681 523 1720 finem,
548 1691 640 1720 curn,
675 1679 810 1722 collapsa
833 1679 926 1711 domo
940 1704 949 1720 ,
978 1681 1012 1711 in
1032 1681 1096 1724 qua
1121 1693 1196 1713 cum
1219 1682 1287 1713 aliis
1311 1682 1528 1725 compluribus

199 1738 360 1772 coenaret,
386 1733 471 1764 solus
498 1734 644 1765 evasisset
667 1738 819 1772 mortem,
849 1733 1009 1776 multique
1034 1745 1072 1766 eo
1100 1736 1230 1767 nomine
1261 1736 1368 1779 ipsum
1397 1735 1527 1767 beatum

198 1785 426 1829 praedicarent,
441 1792 557 1828 practer
571 1785 716 1817 omnium
732 1786 914 1829 opinionem
931 1787 1045 1831 magna
1060 1800 1137 1822 voce
1152 1789 1360 1822 exclamavit:
1383 1800 1401 1820 ›)
1413 1790 1441 1820 Ο
1458 1789 1526 1821 for—

200 1850 220 1870 ))
243 1844 343 1878 tuna,
368 1838 496 1870 cuinam
520 1849 573 1870 me
596 1850 736 1872 reservas
756 1839 966 1871 occasioni?⁷'
988 1841 1046 1884 (4).

259 1933 304 1964 (ι)
319 1933 411 1963 Lysias
429 1937 513 1956 contra
528 1932 730 1960 Eratosthenem,
748 1940 774 1963 p.
795 1934 837 1964 ¹93
853 1946 867 1950 -
883 1934 933 1963 198.

259 1973 304 2003 (2)
319 1974 398 1996 Diod.
417 1973 494 2000 XIV,
511 1973 534 1996 4.
872 1974 916 2004 (3)
933 1974 1046 2006 Xenoph».
1063 1973 1127 1997 Ibid.
1145 1974 1158 2005 §
1175 1974 1214 1997 28.

259 2013 304 2042 (4)
319 2013 391 2036 Plut-
413 2013 511 2036 Consul.
528 2014 564 2038 ad
579 2013 664 2044 Apoll.
682 2017 699 2038 Ι.
717 2015 741 2044 1,
758 2022 780 2038 c.
794 2014 822 2045 6,
837 2014 895 2046 417,
908 2014 946 2038 ed.
964 2014 1093 2046 Wytteub.
1103 2014 1225 2046 (Oxouii,
1247 2016 1304 2046 1795
1311 2015 1333 2046 ).
1344 2015 1382 2040 Cf.
1393 2016 1526 2042 AElianus,

206 2052 268 2077 γαν.
284 2053 355 2077 Hist.
374 2053 428 2084 IX,
444 2060 484 2077 ιι.
