1820 2568
255 283 382 316 expers,
403 280 444 301 ne
464 267 578 312 pedem
598 265 729 310 quidem
743 264 833 309 porta
853 263 970 297 extulit
983 263 1048 307 (1),
1069 264 1124 297 sed
1143 265 1177 297 in
1197 265 1302 298 medio
1323 266 1444 298 civium
1462 267 1577 301 miser-

255 327 411 358 rimorum
432 327 516 361 erat,
545 331 563 351 ))
579 325 612 351 et
630 319 776 362 lugentes
796 324 900 361 patres
922 317 1160 358 consolabatur,
1188 325 1220 350 et
1243 318 1444 362 desperantes
1467 319 1506 352 de
1525 331 1578 353 re-

254 377 381 421 publica
406 373 653 412 exhortabatur,
692 377 724 403 ει
748 370 899 403 divitibus
927 381 1002 413 opes
1025 382 1097 402 suas
1121 371 1342 403 metuentibus
1368 372 1578 415 exprobrabat

253 442 353 462 seram
376 426 561 472 periculosae
588 425 726 456 avaritiae
747 424 988 467 poenitentiam,
1015 429 1048 455 et
1073 425 1191 455 imitari
1215 425 1395 457 volentibus
1424 437 1577 469 magnum

254 480 499 516 circumferebat
518 479 696 522 exemplar,
719 489 795 509 cum
814 478 897 508 inter
917 477 1047 520 triginta
1065 477 1207 509 dominos
1226 478 1306 510 liber
1322 479 1484 511 incederet
1499 480 1576 522 (2)''.

253 537 341 568 Adeo
366 536 460 567 etiam
485 533 703 577 indignatione
727 536 903 563 commotus
925 537 993 561 erat
1016 537 1146 574 propter
1169 531 1321 576 injurias,
1351 533 1468 576 quibus
1493 534 1578 565 cives

252 601 324 622 suos
342 589 424 620 affici
444 587 587 626 videbat,
610 593 647 618 ut
668 585 726 617 sibi
746 591 924 628 temperare
941 596 1006 616 non
1025 587 1182 628 potuerit,
1205 587 1284 629 quin
1307 586 1478 630 aliquando
1499 599 1579 620 cru-

253 643 414 675 delitatem
440 641 545 672 Critiae
567 652 602 671 ac
620 645 811 671 caeterorum
834 638 971 681 obliquis
995 638 1098 671 verbis
1118 640 1356 683 perstringeret.
1395 641 1577 672 Antistheni

252 697 338 728 enim
353 695 466 727 dixisse
481 695 608 725 ferunt:
632 704 651 724 ³)
661 692 746 724 Num
768 692 847 735 quid
867 698 896 723 te
914 692 1067 735 poenitet,
1093 693 1179 736 quod
1192 694 1227 725 in
1246 694 1311 726 vita
1325 694 1406 725 nihil
1423 706 1577 737 magnum

250 760 358 792 neque
374 747 545 792 spectabile
562 747 751 789 consequuti
771 757 899 785 sumus,
920 746 1193 788 quemadmodum
1210 747 1354 779 videmus
1371 748 1405 778 in
1424 748 1576 790 tragoedia

253 801 386 833 describi
407 812 513 843 reges,
538 801 649 831 Atreos
668 799 737 829 illos
758 804 795 829 et
814 798 986 840 ThyestaS,
1010 803 1043 828 et
1066 799 1321 841 Agamemnones
1341 806 1374 831 et
1398 801 1577 842 AEgisthos?

250 855 330 887 Nam
357 854 404 886 illi
427 853 606 884 obtruncati
629 853 664 882 in
689 850 850 894 tragoediis
868 857 910 882 ·et
931 850 1013 882 mala
1034 850 1158 883 fercula
1182 852 1321 883 coenasse
1347 858 1380 884 et
1406 853 1578 885 comedisse

251 908 372 951 ubique
411 906 610 950 produntur:
648 915 744 935 nemo
776 915 851 936 vero
877 906 1044 946 poetarum
1078 915 1116 935 eo
1149 916 1333 948 progressus
1360 911 1408 937 est
1436 906 1577 939 audaciae

250 967 346 1005 atque
369 959 595 1003 impudentiae,
631 964 669 989 ut
693 968 827 1000 porcum
855 963 1029 989 mactatum
1055 958 1088 989 in
1119 958 1228 990 drama
1250 958 1468 991 introduceret
1493 960 1576 1003 (3)’'.

293 1015 364 1046 Alio
388 1020 530 1055 tempore
551 1010 712 1053 discipulis
731 1021 764 1041 se
784 1011 892 1041 mirari
916 1011 1012 1050 dixit,
1031 1012 1056 1042 si
1077 1013 1148 1054 quis
1167 1012 1265 1043 boum
1285 1019 1406 1054 pastor,
1433 1020 1576 1046 armenta

251 1080 307 1101 sua
327 1067 470 1111 quotidie
493 1066 641 1097 minuens
664 1069 696 1095 et
715 1063 870 1095 deteriora
899 1064 1035 1104 faciens,
1061 1064 1182 1096 malum
1201 1076 1234 1096 se
1255 1076 1322 1097 esse
1346 1068 1576 1099 armentarium

249 1133 314 1153 non
334 1121 557 1152 confiteretur:
583 1118 681 1149 Miror
697 1122 808 1148 autem
829 1117 944 1160 magis,
966 1119 1088 1161 inquit,
1108 1118 1134 1149 si
1157 1119 1228 1161 quis
1249 1119 1369 1152 civitati
1389 1120 1574 1163 praefectus,

251 1175 329 1207 dum
355 1173 496 1217 qnotidie
521 1173 606 1204 cives
628 1171 670 1202 de
694 1170 799 1202 medio
824 1170 906 1201 tollit
934 1176 991 1202 aut
1014 1170 1138 1214 pejores
1160 1171 1283 1213 reddit,
1305 1184 1370 1204 non
1391 1173 1576 1214 erubescat,

250 1238 356 1270 neque
369 1227 542 1265 existimet,
555 1236 591 1256 se
602 1224 737 1267 prav‘um
750 1235 816 1255 esse
828 1230 860 1255 et
872 1223 1052 1267 improbum
1066 1224 1250 1267 reipublicae
1261 1225 1507 1268 gubernatorem
1518 1228 1575 1270 (4).

250 1281 344 1312 Haud
363 1279 553 1318 defuerunt‚
575 1278 631 1321 qui
658 1277 718 1310 viri
739 1277 841 1318 dicta,
868 1283 1030 1320 tamquam
1051 1278 1182 1309 totidem
1209 1279 1359 1320 crimina,
1385 1279 1424 1311 ad
1444 1279 1591 1312 critiam·

250 1335 412 1376 sociosque
437 1332 610 1364 deferrent.
645 1330 695 1362 Ab
714 1330 762 1361 his
785 1330 849 1374 jam
869 1336 961 1361 antea
986 1331 1125 1363 maxime
1147 1331 1297 1364 adversus
1319 1332 1481 1364 Socratem
1505 1333 1576 1376 lege

250 1394 319 1419 erat
338 1392 468 1418 cautum
481 1409 489 1425 ,
515 1396 556 1416 ne
576 1385 647 1427 quis
668 1384 795 1416 dicendi
819 1390 919 1415 artem
940 1384 1068 1415 doceret
1083 1384 1139 1427 (5).
1165 1385 1237 1416 Jam
1255 1396 1345 1425 vero,
1369 1385 1420 1416 his
1443 1385 1575 1426 auditis,

249 1439 361 1471 Critias
385 1446 418 1470 et
439 1438 617 1478 Charicles,
645 1438 775 1480 privatis
799 1437 895 1468 etiam
921 1437 1094 1469 rationibus
1118 1438 1239 1469 Socrati
1259 1438 1371 1469 offensi
1389 1438 1454 1481 (6),
1488 1439 1576 1470 hunc

249 1492 288 1524 ad
308 1503 341 1524 se
359 1492 563 1531 arcessivere,
584 1492 680 1534 eique
699 1491 803 1534 legem
819 1490 1043 1531 ostenderunt3
1066 1502 1139 1522 cum
1160 1502 1234 1524 vero
1250 1497 1460 1535 tyrannorum
1480 1491 1575 1525 vultu

247 1557 311 1577 non
328 1545 553 1584 conturbatus,
579 1545 647 1575 sine
669 1546 783 1575 timore
807 1544 896 1575 solita
919 1555 993 1587 erga
1019 1555 1071 1575 eos
1093 1551 1239 1576 uteretur
1264 1546 1365 1576 ironia
1379 1569 1387 1585 ,
1415 1545 1494 1576 salsa
1521 1545 1576 1576 illa

249 1607 281 1632 et
295 1607 407 1640 acuta,
434 1599 563 1631 tandem
582 1610 657 1631 eum
680 1598 840 1630 dimittere
861 1599 960 1630 coacti
982 1603 1076 1638 sunt3
1103 1598 1143 1629 ad
1165 1599 1321 1640 posterius
1343 1604 1496 1641 praeterea
1517 1598 1576 1630 sibi

250 1653 408 1692 delatum,
431 1653 564 1683 Socratis
584 1652 706 1684 dictum
727 1652 888 1692 alludens,
911 1652 1087 1692 Charicles,
1109 1657 1252 1691 caveret,
1271 1652 1496 1684 interminatus
1515 1658 1575 1691 est,

249 1716 291 1736 ne
314 1710 345 1736 et
369 1706 434 1747 ipse
454 1705 624 1747 aliquando
648 1716 778 1748 gregem
800 1705 960 1736 minueret
980 1704 1048 1747 (7);
1080 1710 1112 1735 et
1136 1704 1274 1736 fortassis
1298 1716 1373 1737 eum
1395 1705 1574 1736 interfecis—

249 1763 335 1797 sent,
357 1758 417 1788 nisi
435 1757 522 1789 brevi
548 1769 658 1789 eorum
680 1763 815 1801 potestas
840 1758 989 1790 dissoluta
1010 1758 1122 1789 fuisset
1146 1757 1204 1799 (8).

280 1855 313 1884 (1)
334 1854 417 1877 Cicero
433 1854 467 1877 ad
481 1855 603 1880 Atticum,
617 1855 691 1883 V111,
711 1863 747 1885 ep.
764 1864 784 1878 2.
939 1856 972 1885 (2)
989 1856 1094 1883 Seneca,
1109 1855 1138 1877 de
1147 1858 1225 1884 tranq.
1237 1854 1328 1882 animi,
1344 1861 1364 1876 c.
1378 1854 1405 1882 5,
1423 1858 1440 1876 t.
1452 1855 1475 1882 1,
1487 1861 1512 1884 p.
1522 1855 1574 1877 352.

280 1894 314 1923 (5)
330 1893 462 1919 AElz'anus,
481 1900 534 1916 var.
552 1892 608 1916 hist.
627 1894 664 1922 11,
685 1901 719 1916 11.
940 1894 973 1924 (4)
991 1894 1101 1925 Xelloplb-
1120 1895 1193 1917 Mem.
1215 1893 1282 1916 Socr.
1296 1894 1321 1922 1,
1339 1901 1359 1916 e.
1375 1901 1403 1923 2,
1422 1893 1490 1924 §52,
1506 1894 1543 1916 53.

280 1933 316 1963 (5)
332 1932 442 1962 Xenoph.
457 1932 520 1955 Ibid.
539 1932 552 1962 §
567 1933 605 1955 51.
773 1934 806 1963 (6)
825 1935 936 1965 Xenoph.
950 1935 1013 1958 [hid.
1029 1936 1042 1965 ᾗ
1056 1943 1097 1966 29,
1111 1936 1149 1958 30.
1162 1934 1253 1958 Auctor
1268 1935 1318 1964 Ep.
1337 1934 1403 1958 Socr.
1417 1942 1454 1965 ep.
1469 1942 1490 1964 7.
1501 1941 1526 1965 p.
1539 1935 1573 1957 13.

280 1973 313 2002 (7)
332 1972 442 2003 Xenoph.
458 1972 477 1996 1.
491 1972 509 1996 1.
526 1973 538 2002 §
552 1973 581 1995 33
593 1985 605 1989 -
617 1972 654 1996 38.
672 1972 710 1996 Cf.
727 1974 828 2002 Luzac,
847 1975 872 1997 in
887 1975 930 1998 Or.
947 1975 965 1999 l.
983 1983 1007 2006 p.
1028 1976 1056 1998 55
1073 1975 1103 1998 ad
1120 1975 1162 2005 37,
1183 1978 1206 1997 et
1221 1981 1245 2004 p.
1265 1973 1316 1996 126.

281 2012 314 2042 (8)
330 2012 406 2036 Plato
427 2012 454 2035 in
468 2012 543 2043 Apol.
562 2013 629 2035 ὅθεν.
647 2020 671 2043 p.
693 2020 750 2041 122,
771 2013 809 2036 ed.
825 2013 866 2036 sit.
