1763 2511
822 163 838 204 (
865 163 923 202 148
946 162 962 204 )

230 234 434 267 admittenda.
461 235 511 265 An
535 245 610 266 vero
630 234 852 277 probationum
874 235 1014 268 valorem
1034 236 1157 280 legibus
1179 237 1304 270 definiri
1325 250 1414 282 posse
1435 241 1553 282 putas?

230 289 283 319 sed
301 289 382 319 nihil
404 289 515 320 vanius
536 300 680 332 unquam
699 289 782 321 foret
803 296 997 332 susceptum.
1022 289 1103 322 Nam
1128 292 1216 323 valor
1242 294 1320 332 iste,
1349 294 1417 324 sive
1441 298 1554 335 agatur

229 341 268 372 de
290 342 491 381 testimoniis,
513 343 578 374 sive
599 341 637 373 de
658 343 925 383 confessionibus,
947 344 1012 375 sive
1036 344 1075 375 de
1093 345 1331 386 instrumentis,
1350 347 1416 377 sive
1437 345 1476 377 de
1502 347 1554 377 in-

228 395 332 433 diciis,
359 406 397 426 ex
418 396 595 426 innumeris
616 396 861 426 circumstantiis
878 396 1018 438 pendet,
1040 408 1176 440 quarum
1203 399 1460 430 aestimandarum
1486 401 1553 442 qui-

229 448 300 479 dem
331 460 441 480 norma
469 455 572 491 potest
587 448 747 493 judicibus
767 449 867 489 tradi,
888 450 943 481 sed
963 461 1035 492 quae
1055 463 1072 482 a
1088 452 1265 495 legislatore
1282 455 1349 496 ipso
1368 453 1553 484 nullomodo

228 508 358 544 possunt
377 502 535 533 aestimari.
556 502 606 533 An
632 502 771 544 denique
793 502 938 542 testium,
960 503 1262 545 instrumentorum,
1282 507 1472 538 indiciorum
1497 518 1553 537 nu—

227 567 354 587 merum
375 555 413 586 ad
434 555 562 598 plenam
584 555 802 598 probationem
828 555 1025 587 efficiendam
1046 559 1260 588 necessarium
1284 558 1408 601 legibus
1428 559 1553 590 definiri

226 608 329 640 velis‘?
357 609 419 640 Sed
445 619 600 640 numerus
629 608 683 639 ille
711 609 829 640 iterum
855 609 975 650 pendet
1001 609 1040 640 ab
1063 611 1204 652 ipsorum
1231 610 1347 642 valore.
1374 611 1553 653 Aliquando

226 673 311 693 unus
331 662 417 693 testis
436 661 509 704 plus
529 661 613 693 valet
633 673 729 704 quam
756 661 887 701 decem,
909 663 1025 693 indicia
1046 663 1133 694 inille
1148 674 1230 706 saepe
1244 675 1309 694 non
1322 670 1441 695 tantam
1458 665 1552 696 fidem

225 721 375 758 praestant
396 726 493 756 quam
515 714 689 755 singulum.
712 713 808 751 Quod
831 714 856 743 si
878 715 985 756 itaque
1009 715 1232 757 probationum
1253 717 1340 749 valor
1357 723 1431 748 ante
1447 717 1555 749 deter-

226 769 341 799 minari
362 778 425 798 non
447 772 565 809 potest,
587 766 794 797 maniFestum
820 772 883 806 est,
909 778 968 798 nec
994 779 1167 801 numerum
1191 781 1290 812 posse.
1311 771 1381 801 Scio
1404 771 1554 813 equidem

226 822 401 853 multorum
425 820 618 863 populorum
638 820 762 863 legibus
788 831 853 851 esse
876 826 1029 853 statutum
1044 846 1052 861 ,
1076 829 1108 853 et
1128 834 1144 853 a
1167 822 1238 866 jure
1261 824 1401 854 Romano
1424 824 1499 855 olim
1520 825 1554 854 in

225 875 276 919 jus
297 880 441 906 nostrum
472 874 713 914 introductum,
739 880 777 905 ut
802 874 926 906 duobus
954 876 1085 907 testibus
1111 877 1232 908 idoneis
1263 877 1356 920 plena
1383 877 1554 909 haberetur

226 929 312 961 fides.
335 928 396 960 Sed
420 940 461 959 an
486 927 600 971 judicis
623 928 790 960 arbitrium
814 929 990 960 istiusmodi
1011 929 1083 973 lege
1111 930 1201 962 valde
1233 931 1412 961 restrictum
1434 931 1554 972 putas‘?

227 982 373 1013 Falleris:
396 993 459 1013 non
485 987 541 1012 est.
559 981 641 1013 Nam
662 987 699 1013 ut
717 981 814 1026 judex
831 982 927 1014 talem
948 983 1052 1026 legem
1072 984 1226 1027 applicet,
1246 991 1331 1015 certe
1346 996 1473 1016 necesse
1490 991 1553 1023 est,

226 1043 263 1068 ut
279 1038 308 1068 ei
323 1035 532 1081 judicandum
553 1036 770 1079 relinquatur,
795 1042 905 1068 utrum
927 1043 1020 1068 testes
1045 1038 1192 1081 producti
1214 1049 1323 1071 revera
1344 1038 1449 1070 idonei
1474 1040 1551 1078 sint,

224 1102 337 1122 necne.
373 1090 441 1122 Hoc
472 1095 579 1121 autem
605 1091 630 1121 si
656 1090 864 1134 judicandum
894 1092 923 1122 ei
949 1091 1162 1135 relinquitur,
1188 1093 1305 1124 iterum
1332 1091 1401 1136 ejus
1430 1093 1554 1134 iniqui-

226 1146 282 1175 tati
307 1144 358 1177 vel
378 1145 546 1187 imperitiae
568 1145 629 1175 erit
651 1144 857 1176 diffidendum
883 1144 941 1187 (1).
964 1145 1059 1184 Quod
1083 1147 1108 1176 si
1134 1157 1209 1178 vero
1237 1146 1341 1189 legem
1367 1145 1451 1176 ferre
1476 1145 1554 1177 velis

225 1204 262 1230 ut
282 1209 324 1229 ne
347 1199 405 1230 uni
425 1209 570 1241 unquam
590 1199 661 1229 testi
684 1198 845 1239 credatur,
868 1199 1017 1231 scelestus
1040 1201 1175 1243 quisque
1194 1199 1336 1243 improba
1352 1211 1407 1231 sua
1425 1199 1553 1230 consilia

225 1264 330 1283 coram
351 1264 416 1283 uno
433 1258 511 1282 teste
530 1263 660 1282 securus
680 1252 719 1282 ad
744 1252 894 1284 effectum
921 1253 1096 1295 perducet,
1123 1253 1200 1284 dum
1224 1264 1241 1284 e
1268 1258 1376 1284 contra
1402 1253 1553 1283 securitas

224 1305 352 1347 publica
370 1304 524 1347 postulat,
541 1311 578 1336 ut
592 1304 759 1347 delinquei·
776 1305 936 1337 evolentes
952 1306 1032 1336 nihil
1048 1312 1171 1345 tutum,
1191 1306 1272 1336 nihil
1288 1318 1353 1336 non
1368 1312 1551 1348 suspectum

224 1357 377 1397 habeant,
399 1363 431 1389 et
450 1364 487 1389 ut
507 1369 600 1400 poena
616 1359 659 1390 eis
674 1365 826 1401 tanquam
842 1360 1014 1390 necessaria
1036 1359 1143 1390 delicti
1159 1360 1208 1390 sui
1223 1358 1351 1400 sequela
1372 1370 1496 1400 semper
1513 1358 1552 1389 ob

226 1411 333 1442 oculos
357 1418 511 1442 versetur.
997 1445 1002 1452 ,

266 1466 324 1503 At,
346 1464 430 1495 dicet
445 1464 575 1507 aliquis,
595 1466 619 1495 si
641 1465 680 1496 de
696 1465 934 1508 probationibus
952 1466 1033 1497 nihil
1049 1472 1150 1509 potest
1171 1465 1311 1508 generali
1327 1465 1419 1496 modo
1440 1466 1552 1503 statui,

224 1529 375 1560 quorsum
396 1518 525 1549 tandem
542 1524 661 1560 spectat
682 1518 750 1550 haec
768 1519 942 1550 dissertatio
958 1519 997 1550 de
1013 1520 1201 1551 delictorum
1220 1519 1421 1562 probatione,
1438 1520 1470 1549 in
1489 1530 1551 1561 qua

223 1571 454 1613 generalissima
479 1572 702 1615 probationum
725 1575 880 1616 principia
905 1584 1065 1616 exponere
1086 1584 1156 1604 sum
1182 1572 1337 1604 conatus‘?
1358 1572 1413 1603 Illa
1435 1571 1551 1602 disser—

253 1713 284 1740 (1)
300 1713 408 1742 Sei-vau,
428 1714 526 1737 OEuvres
548 1715 665 1743 choisies,
689 1720 751 1737 tome
773 1723 801 1743 2,
825 1723 849 1745 p.
878 1722 927 1744 ¹27·
956 1726 985 1732 --
1010 1713 1244 1743 Inde‘pendamment
1267 1712 1295 1734 de
1318 1712 1447 1740 l'injuslice
1468 1712 1497 1734 de
1516 1720 1551 1734 ces

222 1751 363 1781 pretendues
381 1753 470 1784 regia,
488 1754 614 1777 l'inutilite
632 1763 661 1777 en
680 1759 714 1777 est
731 1754 859 1782 eviden1e3
880 1755 934 1776 c'est
949 1761 978 1776 en
994 1753 1053 1776 vain
1069 1761 1114 1783 que
1131 1760 1190 1775 vous
1203 1751 1330 1782 pretendez
1347 1751 1406 1773 faire
1425 1759 1471 1773 une
1490 1751 1552 1781 regle

223 1790 251 1813 de
265 1791 394 1821 jugement.
409 1793 472 1816 Pour
486 1794 540 1816 bien
559 1794 685 1824 appliquer
701 1795 724 1816 la
743 1795 804 1825 regle
821 1794 880 1816 saite
894 1802 937 1823 par
955 1801 988 1816 uu
1008 1798 1075 1815 autre
1086 1811 1091 1821 ,
1111 1801 1139 1815 ue
1154 1792 1242 1815 faui-il
1259 1800 1301 1822 pas
1315 1792 1382 1822 juger
1398 1795 1485 1813 autaut
1504 1798 1549 1820 que

222 1838 283 1861 pour
299 1832 346 1854 s'eu
363 1832 422 1855 faire
441 1841 487 1856 une
502 1835 514 1856 ἐι
530 1834 678 1857 soi-meme?
695 1834 761 1857 Vous
778 1834 868 1857 recnlez
882 1834 907 1856 la
921 1833 1038 1857 difficulte'
1049 1851 1054 1861 ,
1074 1838 1097 1856 et
1116 1841 1175 1856 vous
1190 1840 1219 1855 ne
1235 1833 1258 1854 la
1275 1832 1392 1854 detruisez
1411 1839 1461 1861 pas.
1484 1830 1549 1852 Vouu

223 1869 284 1892 dites
300 1871 374 1900 qu'uu
391 1871 436 1894 fan
453 1872 543 1896 affirm&
561 1882 602 1903 par
621 1875 684 1896 deux
705 1874 806 1897 [e'moius
826 1875 929 1902 directa,
949 1873 1060 1896 instratis
1077 1877 1100 1895 et
1113 1873 1294 1898 desinteresse's,
1311 1876 1345 1894 est
1363 1871 1467 1898 certain,
1488 1869 1549 1891 mais

221 1917 282 1940 pour
301 1911 367 1941 inger
388 1911 422 1933 les
438 1911 548 1935 lumieres
564 1918 588 1936 ει
607 1914 630 1936 la
652 1915 730 1937 bonne
750 1915 785 1937 soi
804 1915 861 1937 d'un
882 1914 987 1943 lemoiu,
1011 1921 1040 1936 ne
1061 1913 1150 1936 saut-il
1171 1920 1213 1943 pas
1233 1911 1337 1936 recour'u·
1355 1912 1369 1933 a
1390 1909 1546 1940 l'experiente

221 1950 251 1972 du
273 1951 341 1982 juge,
361 1951 375 1974 ἐι
391 1958 417 1974 sa
433 1951 513 1975 raison
531 1953 573 1983 qui
589 1955 649 1977 n'est
667 1962 712 1985 que
726 1954 748 1977 le
766 1954 867 1978 re'sultat
886 1954 914 1977 de
932 1953 1109 1984 l'experience?
