1820 2568
817 211 833 253 (
856 222 896 254 29
918 213 934 253 )

222 285 357 318 abierint
377 286 435 329 (1).
459 286 531 325 Quo
551 286 635 317 facto
654 284 814 324 omnibus,
839 285 894 326 qui
914 283 1014 315 MMM
1039 284 1179 327 catalogo
1200 295 1264 315 non
1291 282 1544 326 comprehende-

220 346 349 379 rentur,
375 339 488 371 urbem
508 339 632 382 ingredi
655 343 845 376 vetuerunt,
867 336 1000 380 perinde
1020 348 1056 367 ac
1076 338 1102 367 si
1120 338 1239 380 populo
1261 339 1379 380 optime
1400 336 1544 379 indigere

221 399 357 436 possent.
387 393 472 424 Alios
493 392 608 423 deinde
631 402 649 422 e
670 390 795 433 praediis
820 390 859 421 ad
882 390 1011 422 vincula
1031 396 1063 421 et
1088 390 1282 433 supplicium
1308 390 1486 428 duxerunt,
1506 395 1545 420 ut

222 448 303 490 agris
328 458 439 478 eorum
460 447 520 489 ipsi
540 457 614 477 cum
636 445 743 476 amicis
767 445 947 487 potirentur
965 443 1022 486 (2).
1058 444 1123 483 Qui
1147 456 1221 475 cum
1243 445 1276 475 in
1296 445 1434 475 Piraeum
1460 442 1545 473 ulti-a

221 501 365 543 quinque
380 499 478 530 millia
493 499 540 542 (3)
551 498 725 541 confugere
741 504 845 529 essent
861 498 975 537 coacti,
994 503 1026 528 et
1038 497 1113 529 hinc
1130 498 1247 529 multos
1266 497 1470 529 abduxerunt
1481 495 1544 539 (4);

220 552 307 584 unde
329 551 521 591 effecerunt,
546 558 584 583 ut
604 552 726 583 Graecia
745 551 989 583 Atheniensium
1009 551 1189 594 repleretur
1208 551 1370 583 exsulibus
1390 550 1452 593 (5),
1474 549 1545 593 qui,

219 605 378 648 quomodo
398 605 518 648 recepti
542 605 683 645 fuerint,
712 617 787 636 mox
811 605 1000 637 videbimus.

264 659 343 690 Tota
363 659 462 702 igitur
481 659 725 691 Atheniensium
747 660 856 691 civitas
872 660 906 690 in
922 659 1068 690 factionis
1087 659 1178 691 istius
1195 658 1419 690 scelestissimae
1439 662 1546 699 potes-

220 718 285 744 tate
316 713 359 744 ita
380 719 464 753 erat,
490 719 528 745 ut
551 713 675 744 nullam
705 724 742 744 eo
771 719 915 756 tempore
942 712 1080 744 adfuisse
1104 712 1355 756 rempublicam,
1385 710 1547 742 verissime

219 766 379 798 existimet
403 766 507 809 Scipio
527 766 612 809 apud
635 766 820 798 Ciceronem
840 767 903 809 (6):
930 778 948 797 ))
965 766 1046 805 Quae
1064 765 1181 805 enim”,
1206 766 1328 808 inquit,
1351 771 1429 796 tunc
1445 763 1547 794 Athe-

220 830 240 850 »
264 820 425 851 niensium
443 820 509 851 fuit
532 830 598 859 res,
619 831 722 862 quum
740 825 810 862 post
829 830 982 861 magnum
1002 819 1085 850 illud
1102 819 1406 862 Peloponnesiacum
1425 816 1548 848 bellum

220 884 241 904 )>
264 873 394 916 triginta
419 873 479 905 viri
502 873 550 904 illi
573 873 645 905 urbi
665 872 869 917 injustissime
890 871 1118 915 praefuerunt‘?
1145 871 1233 902 Num
1255 877 1312 902 aut
1332 877 1424 902 vetus
1447 869 1547 913 gloria

222 937 241 957 2)
266 926 417 965 civitatis,
435 932 490 957 aut
509 927 628 969 species
644 926 793 969 praeclara
815 925 941 968 oppidi,
963 931 1018 956 aut
1034 925 1213 964 theatrum,
1232 925 1449 968 gymnasium,
1471 934 1549 966 por—

223 990 242 1010 ))
266 980 365 1018 ticus,
396 985 452 1010 aut
476 979 637 1022 propylaea
662 979 797 1018 nobilia,
825 985 881 1009 aut
903 990 978 1018 arx,
1003 986 1059 1009 aut
1084 978 1268 1009 admiranda
1290 989 1384 1020 opera
1406 976 1547 1015 Phidiae,

223 1043 242 1062 ))
266 1037 322 1063 aut
338 1032 458 1063 Piraeus
471 1032 526 1062 ille
543 1032 730 1074 magnificus
746 1031 977 1073 rempublicam
996 1030 1151 1061 efficiebat
1161 1031 1202 1061 ‘2⁵’
1221 1049 1263 1055 —
1277 1032 1391 1074 Neque
1406 1032 1548 1074 publicas

222 1085 318 1115 etiam
338 1085 419 1116 aedes
438 1095 490 1116 eos
509 1095 633 1116 curasse
651 1085 716 1126 (7),
734 1095 840 1127 neque
859 1096 876 1115 a
893 1083 1020 1126 templis
1033 1083 1198 1126 sacrilegas
1216 1083 1402 1116 abstinuisse
1419 1096 1547 1125 manUS,

221 1143 359 1169 constat:
380 1137 449 1168 haec
473 1137 560 1168 enim
581 1137 811 1180 profanarunt,
834 1137 1035 1181 expilarunt,
1056 1137 1282 1170 vendiderunt.
1303 1138 1433 1171 Navalia
1455 1140 1549 1171 deni—

220 1202 300 1235 que,
326 1202 398 1234 quae
416 1191 604 1234 reipublicae
624 1203 690 1223 non
713 1192 820 1223 minus
844 1192 932 1223 mille
958 1191 1086 1223 talentis
1109 1192 1331 1232 constiterant,
1356 1193 1548 1225 destruenda

219 1244 449 1278 venundarunt
470 1244 532 1287 (8).

263 1298 312 1330 Ut
334 1309 410 1331 vero
428 1299 589 1340 animum,
609 1298 649 1330 ab
667 1299 850 1331 enarrandis
868 1305 915 1330 tot
933 1310 970 1330 ac
985 1299 1081 1330 tantis
1099 1297 1294 1330 facinoribus
1312 1298 1548 1343 sceleribusque

220 1351 342 1384 fessum
361 1351 563 1395 aliquantum
585 1355 782 1394 recreemus,
807 1353 969 1385 Socratem
995 1351 1193 1384 considerare
1216 1352 1310 1394 libet,
1336 1352 1396 1384 suh
1415 1354 1473 1385 ista
1496 1360 1549 1397 ty—

219 1404 354 1436 rannide
383 1405 566 1437 luculenter
603 1406 790 1449 probantem
803 1431 812 1447 ,
843 1418 940 1450 quam
968 1406 1050 1438 liber
1076 1407 1117 1437 sit
1145 1407 1192 1447 is,
1226 1407 1283 1449 qui
1310 1413 1447 1439 mortem
1483 1418 1549 1438 non

219 1464 353 1490 metuat.
384 1458 444 1490 Hic
468 1459 571 1500 enim,
599 1459 676 1491 licet
704 1460 881 1492 foedissime
908 1466 1125 1504 grassarentur
1149 1460 1297 1504 tyranni,
1327 1471 1434 1503 neque
1462 1461 1549 1492 ullus

221 1518 318 1552 esset,
342 1513 422 1555 quin
447 1513 521 1545 vitae
540 1513 811 1557 fortunarumque
831 1514 866 1545 in
885 1513 1030 1557 periculo
1050 1519 1246 1552 versaretur,
1272 1525 1374 1557 quum
1395 1519 1548 1556 praeterea

222 1564 339 1607 reliqui
366 1576 496 1605 omneS,
525 1572 582 1598 aut
605 1566 720 1598 urbem
745 1567 968 1610 reliquissent,
997 1573 1054 1599 aut
1083 1567 1188 1599 timidi
1215 1567 1391 1608 servirent,
1426 1568 1549 1598 timoris

281 1667 326 1696 (ι)
342 1668 420 1690 Diod.
438 1667 501 1691 libro
517 1668 536 1691 1.
552 1676 573 1691 c.
590 1667 616 1696 5,
635 1675 662 1691 ln
678 1667 737 1691 fine.

280 1708 326 1737 (2)
343 1708 453 1738 Xenoph.
473 1710 512 1737 11,
532 1716 554 1732 c.
571 1708 598 1736 4,
618 1708 631 1738 §
649 1716 670 1730 1.

280 1748 326 1776 (5)
341 1749 420 1771 Isocr.
438 1749 529 1778 Areop.
537 1765 547 1776 ,
564 1755 589 1778 p.
608 1747 662 1770 564.

280 1787 325 1816 (4)
343 1787 453 1817 Xenoph.
469 1787 488 1810 1.
503 1788 522 1810 l.

280 1826 325 1857 (5)
340 1827 468 1856 Justinus,
487 1827 520 1855 V,
537 1835 561 1857 9.

280 1865 325 1895 (6)
340 1866 383 1888 De
398 1866 553 1896 Republica,
570 1867 595 1889 Π
606 1883 612 1894 ,
632 1867 675 1893 52,
694 1866 732 1889 ed.
749 1867 820 1897 Maji.

280 1905 325 1936 (7)
341 1907 419 1929 Isocr.
430 1907 535 1936 Areop.‚
552 1913 578 1937 p.
595 1906 653 1935 365,
669 1906 707 1929 ed.
724 1906 806 1930 Wolf.
824 1907 899 1937 mim,
912 1914 960 1939 quo
977 1907 1003 1931 in
1016 1908 1069 1933 loco
1077 1909 1200 1940 Corayum
1212 1909 1252 1940 (iu
1271 1910 1334 1934 Bibl.
1352 1911 1461 1939 Graeca,
1477 1915 1493 1933 ι.
1508 1912 1545 1939 11,

218 1953 244 1976 p.
260 1945 316 1976 115)
332 1953 388 1971 cum
402 1946 530 1971 nonnullis
545 1954 575 1970 ex
589 1947 783 1978 Harpocratioue
800 1948 840 1979 (in
855 1956 880 1973 v.
894 1947 972 1979 ’έν-ων)
991 1949 1043 1976 τοῖς
1059 1947 1149 1981 ἐνίοις,
1167 1957 1210 1981 pro
1230 1951 1285 1977 ταῖς
1304 1949 1397 1977 ouo-lom
1411 1950 1528 1982 legemem
1538 1967 1547 1979 ‚

219 1992 313 2016 sequor.

281 2026 314 2056 (8)
330 2026 435 2058 Lysias,
451 2027 508 2051 adv.
524 2027 599 2051 Erat.
619 2035 644 2058 p.
661 2035 713 2059 229.
730 2029 810 2053 Isocr.
828 2029 919 2060 Areop.
935 2036 961 2060 p.
976 2029 1032 2053 562.
