1820 2568
891 222 905 263 (
931 220 971 251 50
996 219 1008 262 )

284 306 480 345 repeterent,
511 298 661 330 concione
682 296 720 328 de
745 294 905 327 reddenda
928 292 1063 336 pecunia
1088 291 1221 330 indicta,
1254 291 1363 322 multis
1387 302 1514 333 aequum
1540 302 1607 323 esse

286 354 468 393 videbatur,
488 359 526 384 ut
541 351 683 382 debitum
699 349 920 386 dissolverent,
941 346 1036 377 iidem
1058 345 1112 388 qui
1134 344 1362 383 conflaverant,
1387 355 1451 374 non
1466 344 1505 382 ii,
1523 354 1607 386 quo-

285 420 355 439 rum
379 409 411 437 iu
432 405 606 448 perniciem
625 408 823 434 contractum
843 402 964 439 fuerat,
996 399 1116 441 placuit
1138 404 1244 428 tamen
1269 403 1301 428 et
1328 397 1457 440 publico
1479 396 1610 428 decreto

286 461 441 491 sancitum
464 464 529 497 est,
559 468 622 499 quo
646 456 678 486 id
701 456 840 498 primum
866 451 1039 483 concordiae
1063 452 1178 494 pignus
1204 457 1302 491 esset,
1331 457 1368 482 ut
1393 451 1607 482 communiter

288 513 401 543 solutio
421 511 459 541 ab
480 509 626 541 omnihus
647 509 737 539 fieret
755 508 811 549 (1).

330 565 429 595 Paulo
448 569 518 606 post
540 562 678 593 reditum
700 561 825 592 decreto
846 559 941 590 etiam
960 558 1023 589 fuit
1041 563 1212 596 statutum,
1235 562 1272 587 ut
1294 555 1459 599 phylarchi
1480 562 1512 586 et
1531 567 1608 598 syn-

288 619 350 649 dici
372 619 500 648 nomina
521 627 646 654 eorum,
670 615 725 657 qui
742 613 801 644 sub
820 612 948 655 triginta
969 611 1044 642 viris
1064 616 1172 641 contra
1193 610 1350 653 populum
1369 609 1606 652 equitaverant,

287 672 464 710 deferrent,
490 682 552 713 quo
573 674 698 712 possent
720 679 831 698 eorum
849 665 1006 708 stipendia
1027 665 1154 706 exigere
1176 663 1359 701 demarchi,
1385 662 1471 704 quod
1496 661 1608 692 itidem

288 736 361 755 cum
389 724 554 766 sagittariis
579 722 755 760 extraneis,
780 730 877 762 penes
897 729 974 760 quos
996 717 1054 748 sub
1078 716 1245 758 tyrannide
1265 715 1351 746 urbis
1375 715 1481 746 fuerat
1501 720 1608 745 custo—

287 776 354 815 dia,
376 777 498 806 sactum
518 775 615 806 fuisse
634 773 776 810 videtur,
801 777 902 811 utque
923 769 1105 810 phylarchi,
1128 769 1162 798 ni
1183 768 1461 805 demonstrassent,
1480 768 1536 809 qui
1551 768 1610 798 sti-

286 828 439 870 pendium
461 828 669 868 accepissent,
695 824 753 865 ipsi
775 822 1006 853 mulctarentur
1022 820 1080 861 (2).
1108 820 1219 850 Postea
1241 819 1300 850 sub
1316 819 1416 849 XXX
1432 819 1506 850 viris
1527 830 1611 861 equo

287 881 438 912 meruisse
463 880 540 910 adeo
563 884 630 909 erat
661 877 817 914 invisum,
843 880 895 913 ut,
922 875 946 904 si
972 874 1042 915 quis
1068 883 1202 903 examen
1232 871 1353 902 subiret
1377 882 1433 914 pro
1459 872 1610 902 senatoris

287 933 403 972 officio,
427 942 608 974 nomenque
626 930 694 974 ejus
711 931 744 960 in
761 928 875 959 tabulis
891 928 1007 958 horum
1029 926 1177 969 equitum
1192 925 1386 967 descriptum
1402 925 1609 967 reperiretur,

286 986 312 1016 is
339 985 390 1017 vel
409 985 498 1016 nullo
518 986 683 1015 incusante
696 1007 704 1021 ,
726 981 912 1024 rejiceretur
930 980 987 1021 (3)
1018 979 1131 1021 Neque
1158 979 1219 1010 hoc
1243 978 1352 1009 odium
1372 977 1446 1008 dein
1467 978 1609 1010 evanuit.

286 1038 365 1070 Nam
388 1049 461 1069 cum
485 1036 650 1079 posteriori
672 1041 814 1076 tempore
837 1032 1040 1075 Thymbron,
1071 1033 1123 1062 cui
1146 1033 1218 1062 Asia
1237 1032 1399 1074 provincia
1424 1031 1612 1062 demandata

287 1092 392 1123 fuerat
412 1103 428 1121 a
456 1089 721 1127 Lacedaemoniis,
747 1093 903 1118 trecentos
927 1086 1050 1128 equites
1079 1084 1117 1115 ab
1142 1084 1391 1115 Atheniensibus
1416 1083 1610 1126 postularet,

285 1144 320 1175 hi
342 1145 497 1174 miserunt
514 1154 553 1173 ex
574 1142 720 1183 equitum
742 1151 893 1178 numero,
919 1138 1035 1181 quibus
1057 1139 1106 1169 usi
1129 1143 1219 1168 erant
1244 1138 1344 1168 XXX
1371 1137 1440 1169 viri.
1467 1136 1613 1167 Arbitra-

287 1196 404 1226 bantur
427 1195 512 1226 enim
540 1193 658 1236 populo
683 1191 854 1235 expedire,
881 1192 906 1221 si
927 1190 1039 1233 procul
1060 1190 1193 1220 Athenis
1215 1189 1263 1220 ilh‘
1292 1189 1435 1220 abessent
1469 1195 1501 1219 et
1522 1189 1615 1231 peri-

290 1255 362 1280 rent
379 1248 436 1290 (4).
463 1248 511 1278 Ex
538 1247 598 1278 hoc
625 1247 719 1277 etiam
746 1251 888 1287 tempore
913 1244 1122 1274 Athenienses
1142 1243 1222 1275 vasis
1243 1242 1282 1273 ad
1307 1254 1438 1285 pompas
1463 1243 1512 1274 usi
1537 1249 1612 1274 sunt

289 1313 327 1333 ex
346 1301 542 1344 patrimoniis
562 1300 662 1330 XXX
683 1300 825 1331 virorum
844 1298 934 1328 factis
951 1297 1008 1339 (5).

332 1355 454 1385 Verum
481 1359 517 1384 ut
537 1365 667 1384 manum
688 1352 775 1383 illam
797 1350 1009 1394 Phylensem,
1040 1361 1111 1392 quae
1137 1349 1224 1381 tantffa
1242 1351 1361 1381 virtute
1381 1348 1613 1391 rempublicam

288 1407 521 1445 vindicaverat,
546 1406 683 1448 populus
702 1405 841 1443 Atticus,
868 1403 956 1446 quasi
975 1402 1203 1433 beneficiorum
1226 1403 1407 1441 immemor,
1432 1413 1496 1432 non
1518 1401 1613 1443 plane

288 1460 449 1503 negligere
471 1459 646 1497 videretur,
669 1458 829 1496 decrevit,
855 1457 995 1488 Archino
1020 1456 1163 1496 ferente,
1187 1457 1225 1486 iis
1245 1455 1362 1487 dandas
1387 1466 1453 1486 esse
1477 1454 1517 1485 ad
1546 1465 1615 1486 rem

289 1514 427 1545 divinam
449 1519 480 1543 et
503 1513 630 1543 donaria
649 1511 681 1542 M
702 1512 884 1550 drachmas,
908 1510 1086 1541 ornandum
1104 1516 1255 1552 praeterea
1277 1520 1342 1540 esse
1361 1519 1472 1539 eorum
1496 1518 1614 1549 quem-

290 1566 367 1597 libet
394 1566 521 1596 honoris
544 1564 674 1603 corona,
702 1563 784 1594 facta
815 1563 939 1594 duobus
958 1563 1090 1605 virgulis
1115 1563 1191 1594 oleae
1212 1574 1320 1593 sacrae.
1351 1563 1417 1601 Ita,
1444 1567 1613 1604 postquam

350 1680 383 1709 (1)
400 1681 476 1702 Isocr.
493 1681 596 1709 Armp„
614 1688 638 1709 p.
655 1679 707 1701 364.
725 1678 869 1704 Demosdz„
887 1678 942 1700 adv-
960 1678 1106 1706 Leptinem,
1124 1685 1147 1707 p.
1164 1677 1217 1699 363.

350 1721 382 1748 (2)
400 1721 500 1749 Lysias,
518 1727 563 1748 pro
582 1719 736 1746 Manticlzeo,
756 1727 778 1748 p.
795 1719 838 1740 502
855 1725 902 1747 seq.
925 1716 962 1739 Cf.
981 1720 1013 1740 A·-
1031 1717 1151 1744 Boekhii,
1171 1716 1419 1746 Slaalsltaushaltung
1428 1716 1471 1737 del·
1488 1714 1612 1744 Athener,

300 1760 343 1782 lib.
363 1761 401 1786 11,
420 1767 458 1788 ιι),
475 1763 491 1780 t.
509 1757 534 1787 I,
553 1767 576 1789 p.
593 1759 649 1789 ²⁶9²
668 1763 690 1780 et
707 1763 723 1780 t.
739 1760 776 1786 11,
793 1766 817 1787 p.
834 1758 876 1780 206
890 1771 901 1774 -
913 1765 969 1787 209,
989 1757 1029 1779 ubi
1047 1757 1076 1779 ad
1093 1757 1255 1787 fragmentum
1273 1756 1316 1784 1V,
1337 1756 1422 1781 tab.1,
1441 1762 1531 1785 p.207,
1547 1754 1616 1777 docte

295 1805 318 1823 et
333 1799 466 1822 luculenter
484 1799 545 1820 mihi
561 1800 670 1828 probasse
690 1798 801 1825 videtur,
823 1798 885 1820 illud
901 1798 975 1828 ipsius
992 1797 1080 1820 decreti
1098 1796 1260 1827 fragmentum
1278 1803 1339 1823 esse,
1356 1795 1385 1817 de
1401 1802 1447 1824 quo
1464 1794 1573 1816 hocloco
1588 1793 1617 1816 fit

297 1839 400 1862 mentio:
423 1846 495 1868 quare
520 1846 572 1860 eum
591 1839 615 1860 iu
640 1839 702 1861 hisce
726 1839 791 1869 sequi
809 1846 859 1860 uon
877 1838 997 1861 dubitavi.
1022 1837 1059 1860 Cf.
1078 1837 1152 1860 Porro
1168 1836 1197 1859 de
1214 1835 1363 1866 Sagittarii-«1,
1386 1835 1427 1866 qui
1451 1834 1555 1857 Athenis
1572 1834 1617 1856 sub

297 1879 370 1902 XXX
386 1879 445 1901 viris
463 1878 571 1905 fuerunt,
591 1879 694 1906 ΙΛγ-ῑὶαε,
715 1879 744 1900 de
761 1879 862 1908 antiqua
879 1879 940 1908 reip.
956 1877 1055 1908 forma,
1074 1877 1179 1900 Athenis
1196 1883 1244 1899 ΙιοΙι
1264 1875 1427 1902 immutanda,
1449 1883 1473 1905 p.
1493 1874 1554 1903 525,
1573 1873 1617 1904 qui

296 1918 363 1942 locus
378 1918 514 1941 Boekhinm
528 1917 615 1948 fugisse
633 1917 735 1940 viderur.

359 1959 391 1988 (3)
408 1959 511 1988 Lysias,
531 1959 557 1980 in
574 1958 726 1984 Evandrum,
746 1965 769 1986 p.
786 1958 838 1980 440.

359 1999 391 2029 (4)
410 1998 550 2028 Xenophon.
571 1999 622 2025 111,
645 2006 668 2025 1,
685 1998 697 2026 §
716 1998 737 2019 4.

356 2039 387 2068 (5)
405 2038 581 2064 Philochorus,
602 2037 666 2068 apud
684 2038 806 2066 Hazpocr.
824 2036 851 2059 in
865 2044 923 2061 voce
939 2035 1080 2067 Παμπεὶοις,
1097 2040 1149 2058 eaet.
