<?xml version="1.0" encoding="UTF-8"?>
<!DOCTYPE html PUBLIC "-//W3C//DTD XHTML 1.0 Transitional//EN"
    "http://www.w3.org/TR/xhtml1/DTD/xhtml1-transitional.dtd">
<html xmlns="http://www.w3.org/1999/xhtml" xml:lang="en" lang="en">
 <head>
  <title>
</title>
<meta http-equiv="Content-Type" content="text/html;charset=utf-8" />
  <meta name='ocr-system' content='tesseract 3.04.00' />
  <meta name='ocr-capabilities' content='ocr_page ocr_carea ocr_par ocr_line ocrx_word'/>
</head>
<body>
  <div class='ocr_page' id='page_1' title='image "annalesacademiae24gand_0061.png"; bbox 0 0 1820 2568; ppageno 0'>
   <div class='ocr_carea' id='block_1_1' title="bbox 196 229 1536 1407">
    <p class='ocr_par' dir='ltr' id='par_1_1' title="bbox 199 229 1532 504">
     <span class='ocr_line' id='line_1_1' title="bbox 801 229 920 270; baseline 0 0"><span class='ocrx_word' id='word_1_1' title='bbox 801 230 817 270; x_wconf 94' lang='lat'>(</span> <span class='ocrx_word' id='word_1_2' title='bbox 843 231 880 260; x_wconf 85' lang='lat'>¹3</span> <span class='ocrx_word' id='word_1_3' title='bbox 904 229 920 270; x_wconf 91' lang='lat'>)</span> 
     </span>
     <span class='ocr_line' id='line_1_2' title="bbox 199 300 1532 348; baseline -0.005 -11"><span class='ocrx_word' id='word_1_4' title='bbox 199 305 381 337; x_wconf 83' lang='lat' dir='ltr'>Aristoteles</span> <span class='ocrx_word' id='word_1_5' title='bbox 398 305 461 347; x_wconf 85' lang='lat'>(1),</span> <span class='ocrx_word' id='word_1_6' title='bbox 483 303 739 348; x_wconf 88' lang='lat' dir='ltr'>Hippomaehus,</span> <span class='ocrx_word' id='word_1_7' title='bbox 762 301 969 332; x_wconf 82' lang='lat' dir='ltr'>Mnesithides</span> <span class='ocrx_word' id='word_1_8' title='bbox 987 301 1050 343; x_wconf 80' lang='lat'>(2),</span> <span class='ocrx_word' id='word_1_9' title='bbox 1072 307 1105 331; x_wconf 90' lang='lat' dir='ltr'>et</span> <span class='ocrx_word' id='word_1_10' title='bbox 1122 301 1215 332; x_wconf 90' lang='lat' dir='ltr'>modo</span> <span class='ocrx_word' id='word_1_11' title='bbox 1233 306 1427 332; x_wconf 88' lang='lat' dir='ltr'>memoratus</span> <span class='ocrx_word' id='word_1_12' title='bbox 1443 300 1532 332; x_wconf 80' lang='lat' dir='ltr'>The-</span> 
     </span>
     <span class='ocr_line' id='line_1_3' title="bbox 199 353 1531 396; baseline -0.005 -6"><span class='ocrx_word' id='word_1_13' title='bbox 199 370 355 390; x_wconf 85' lang='lat' dir='ltr'>ramenes.</span> <span class='ocrx_word' id='word_1_14' title='bbox 373 376 416 382; x_wconf 91' lang='lat'>--</span> <span class='ocrx_word' id='word_1_15' title='bbox 437 359 557 389; x_wconf 78' lang='lat' dir='ltr'>Praeter</span> <span class='ocrx_word' id='word_1_16' title='bbox 572 357 627 387; x_wconf 89' lang='lat' dir='ltr'>hos</span> <span class='ocrx_word' id='word_1_17' title='bbox 645 367 719 388; x_wconf 88' lang='lat' dir='ltr'>vero</span> <span class='ocrx_word' id='word_1_18' title='bbox 732 379 740 393; x_wconf 82' lang='grc'>,</span> <span class='ocrx_word' id='word_1_19' title='bbox 757 365 794 386; x_wconf 93' lang='lat' dir='ltr'>eo</span> <span class='ocrx_word' id='word_1_20' title='bbox 815 360 958 396; x_wconf 86' lang='lat' dir='ltr'>tempore</span> <span class='ocrx_word' id='word_1_21' title='bbox 971 377 979 393; x_wconf 85' lang='lat'>‚</span> <span class='ocrx_word' id='word_1_22' title='bbox 1001 353 1111 384; x_wconf 90' lang='lat' dir='ltr'>decem</span> <span class='ocrx_word' id='word_1_23' title='bbox 1134 354 1167 384; x_wconf 87' lang='lat' dir='ltr'>iu</span> <span class='ocrx_word' id='word_1_24' title='bbox 1188 354 1301 385; x_wconf 86' lang='lat' dir='ltr'>Piraeo</span> <span class='ocrx_word' id='word_1_25' title='bbox 1322 355 1419 385; x_wconf 86' lang='lat' dir='ltr'>creati</span> <span class='ocrx_word' id='word_1_26' title='bbox 1435 360 1531 393; x_wconf 79' lang='lat' dir='ltr'>sunt,</span> 
     </span>
     <span class='ocr_line' id='line_1_4' title="bbox 199 406 1532 456; baseline -0.005 -12"><span class='ocrx_word' id='word_1_27' title='bbox 199 414 256 456; x_wconf 89' lang='lat' dir='ltr'>qui</span> <span class='ocrx_word' id='word_1_28' title='bbox 286 413 461 443; x_wconf 86' lang='lat' dir='ltr'>forensium</span> <span class='ocrx_word' id='word_1_29' title='bbox 486 410 750 450; x_wconf 81' lang='lat' dir='ltr'>urbanarumque</span> <span class='ocrx_word' id='word_1_30' title='bbox 767 419 876 438; x_wconf 84' lang='lat' dir='ltr'>rerum</span> <span class='ocrx_word' id='word_1_31' title='bbox 895 418 1004 438; x_wconf 86' lang='lat' dir='ltr'>curam</span> <span class='ocrx_word' id='word_1_32' title='bbox 1023 406 1180 438; x_wconf 80' lang='lat' dir='ltr'>haberent</span> <span class='ocrx_word' id='word_1_33' title='bbox 1197 408 1254 449; x_wconf 85' lang='lat'>(3).</span> <span class='ocrx_word' id='word_1_34' title='bbox 1275 408 1324 437; x_wconf 87' lang='lat' dir='ltr'>Ex</span> <span class='ocrx_word' id='word_1_35' title='bbox 1343 418 1380 438; x_wconf 91' lang='lat' dir='ltr'>eo</span> <span class='ocrx_word' id='word_1_36' title='bbox 1401 407 1532 438; x_wconf 90' lang='lat' dir='ltr'>decem-</span> 
     </span>
     <span class='ocr_line' id='line_1_5' title="bbox 201 461 1349 504; baseline -0.006 -6"><span class='ocrx_word' id='word_1_37' title='bbox 201 468 305 499; x_wconf 83' lang='lat' dir='ltr'>viratu</span> <span class='ocrx_word' id='word_1_38' title='bbox 316 464 465 496; x_wconf 87' lang='lat' dir='ltr'>Piraeensi</span> <span class='ocrx_word' id='word_1_39' title='bbox 475 464 610 494; x_wconf 86' lang='lat' dir='ltr'>fuerunt</span> <span class='ocrx_word' id='word_1_40' title='bbox 623 462 746 493; x_wconf 83' lang='lat' dir='ltr'>Glauco</span> <span class='ocrx_word' id='word_1_41' title='bbox 756 461 820 504; x_wconf 73' lang='grc'>(4),</span> <span class='ocrx_word' id='word_1_42' title='bbox 837 461 1022 492; x_wconf 82' lang='lat' dir='ltr'>Charmides</span> <span class='ocrx_word' id='word_1_43' title='bbox 1040 461 1088 503; x_wconf 87' lang='lat'>(5)</span> <span class='ocrx_word' id='word_1_44' title='bbox 1107 467 1139 492; x_wconf 82' lang='lat' dir='ltr'>et</span> <span class='ocrx_word' id='word_1_45' title='bbox 1159 461 1272 504; x_wconf 87' lang='lat' dir='ltr'>Molpis</span> <span class='ocrx_word' id='word_1_46' title='bbox 1292 462 1349 504; x_wconf 86' lang='lat'>(6).</span> 
     </span>
    </p>

    <p class='ocr_par' dir='ltr' id='par_1_2' title="bbox 197 514 1536 880">
     <span class='ocr_line' id='line_1_6' title="bbox 242 514 1532 561; baseline -0.004 -11"><span class='ocrx_word' id='word_1_47' title='bbox 242 518 549 561; x_wconf 88' lang='lat' dir='ltr'>Triginta-virorum</span> <span class='ocrx_word' id='word_1_48' title='bbox 569 517 772 559; x_wconf 82' lang='lat' dir='ltr'>praecipuum</span> <span class='ocrx_word' id='word_1_49' title='bbox 789 527 909 546; x_wconf 87' lang='lat' dir='ltr'>munus</span> <span class='ocrx_word' id='word_1_50' title='bbox 924 520 1008 554; x_wconf 81' lang='lat' dir='ltr'>erat,</span> <span class='ocrx_word' id='word_1_51' title='bbox 1023 514 1109 557; x_wconf 84' lang='lat' dir='ltr'>leges</span> <span class='ocrx_word' id='word_1_52' title='bbox 1129 515 1246 557; x_wconf 88' lang='lat' dir='ltr'>patrias</span> <span class='ocrx_word' id='word_1_53' title='bbox 1263 526 1316 546; x_wconf 86' lang='lat' dir='ltr'>eas</span> <span class='ocrx_word' id='word_1_54' title='bbox 1336 514 1532 553; x_wconf 75' lang='lat' dir='ltr'>consribere,</span> 
     </span>
     <span class='ocr_line' id='line_1_7' title="bbox 199 567 1534 613; baseline -0.004 -10"><span class='ocrx_word' id='word_1_55' title='bbox 199 570 375 604; x_wconf 85' lang='lat' dir='ltr'>secundum</span> <span class='ocrx_word' id='word_1_56' title='bbox 404 582 483 613; x_wconf 89' lang='lat' dir='ltr'>quas</span> <span class='ocrx_word' id='word_1_57' title='bbox 502 571 536 601; x_wconf 89' lang='lat' dir='ltr'>in</span> <span class='ocrx_word' id='word_1_58' title='bbox 558 576 722 613; x_wconf 84' lang='lat' dir='ltr'>posterum</span> <span class='ocrx_word' id='word_1_59' title='bbox 743 570 776 599; x_wconf 89' lang='lat' dir='ltr'>in</span> <span class='ocrx_word' id='word_1_60' title='bbox 797 568 960 611; x_wconf 84' lang='lat' dir='ltr'>republica</span> <span class='ocrx_word' id='word_1_61' title='bbox 982 573 1063 598; x_wconf 87' lang='lat' dir='ltr'>esset</span> <span class='ocrx_word' id='word_1_62' title='bbox 1088 567 1282 599; x_wconf 83' lang='lat' dir='ltr'>vivendum:</span> <span class='ocrx_word' id='word_1_63' title='bbox 1308 578 1434 609; x_wconf 86' lang='lat' dir='ltr'>semper</span> <span class='ocrx_word' id='word_1_64' title='bbox 1458 578 1534 599; x_wconf 81' lang='lat' dir='ltr'>vero</span> 
     </span>
     <span class='ocr_line' id='line_1_8' title="bbox 198 614 1536 666; baseline -0.005 -10"><span class='ocrx_word' id='word_1_65' title='bbox 198 626 254 656; x_wconf 88' lang='lat' dir='ltr'>has</span> <span class='ocrx_word' id='word_1_66' title='bbox 267 624 404 656; x_wconf 81' lang='lat' dir='ltr'>scribere</span> <span class='ocrx_word' id='word_1_67' title='bbox 415 630 448 655; x_wconf 78' lang='lat' dir='ltr'>et</span> <span class='ocrx_word' id='word_1_68' title='bbox 459 623 664 666; x_wconf 83' lang='lat' dir='ltr'>promulgare</span> <span class='ocrx_word' id='word_1_69' title='bbox 679 622 875 654; x_wconf 84' lang='lat' dir='ltr'>distulerunt</span> <span class='ocrx_word' id='word_1_70' title='bbox 893 622 952 664; x_wconf 83' lang='lat'>(7).</span> <span class='ocrx_word' id='word_1_71' title='bbox 977 622 1049 660; x_wconf 82' lang='lat' dir='ltr'>Qua</span> <span class='ocrx_word' id='word_1_72' title='bbox 1064 622 1098 651; x_wconf 87' lang='lat' dir='ltr'>in</span> <span class='ocrx_word' id='word_1_73' title='bbox 1114 631 1148 651; x_wconf 88' lang='lat' dir='ltr'>re</span> <span class='ocrx_word' id='word_1_74' title='bbox 1160 614 1374 651; x_wconf 75' lang='lat' dir='ltr'>Nicoiuachus</span> <span class='ocrx_word' id='word_1_75' title='bbox 1390 620 1536 662; x_wconf 74' lang='lat' dir='ltr'>quidam,</span> 
     </span>
     <span class='ocr_line' id='line_1_9' title="bbox 198 673 1533 722; baseline -0.004 -13"><span class='ocrx_word' id='word_1_76' title='bbox 198 685 290 709; x_wconf 85' lang='lat' dir='ltr'>antea</span> <span class='ocrx_word' id='word_1_77' title='bbox 305 677 367 722; x_wconf 86' lang='lat' dir='ltr'>jam</span> <span class='ocrx_word' id='word_1_78' title='bbox 383 677 422 708; x_wconf 88' lang='lat' dir='ltr'>ad</span> <span class='ocrx_word' id='word_1_79' title='bbox 437 677 523 719; x_wconf 83' lang='lat' dir='ltr'>leges</span> <span class='ocrx_word' id='word_1_80' title='bbox 538 676 760 707; x_wconf 80' lang='lat' dir='ltr'>describendas</span> <span class='ocrx_word' id='word_1_81' title='bbox 782 675 901 714; x_wconf 83' lang='lat' dir='ltr'>lectus,</span> <span class='ocrx_word' id='word_1_82' title='bbox 922 686 974 706; x_wconf 84' lang='lat' dir='ltr'>eos</span> <span class='ocrx_word' id='word_1_83' title='bbox 991 675 1133 705; x_wconf 84' lang='lat' dir='ltr'>maxime</span> <span class='ocrx_word' id='word_1_84' title='bbox 1151 673 1308 717; x_wconf 81' lang='lat' dir='ltr'>adjuvisse</span> <span class='ocrx_word' id='word_1_85' title='bbox 1327 673 1456 705; x_wconf 81' lang='lat' dir='ltr'>videtur</span> <span class='ocrx_word' id='word_1_86' title='bbox 1475 673 1533 715; x_wconf 82' lang='lat'>(8).</span> 
     </span>
     <span class='ocr_line' id='line_1_10' title="bbox 198 727 1534 771; baseline -0.004 -9"><span class='ocrx_word' id='word_1_87' title='bbox 198 732 329 762; x_wconf 83' lang='lat' dir='ltr'>Interim</span> <span class='ocrx_word' id='word_1_88' title='bbox 349 737 494 761; x_wconf 83' lang='lat' dir='ltr'>senatum</span> <span class='ocrx_word' id='word_1_89' title='bbox 505 754 512 768; x_wconf 89' lang='lat'>‚</span> <span class='ocrx_word' id='word_1_90' title='bbox 534 730 578 760; x_wconf 87' lang='lat' dir='ltr'>XI</span> <span class='ocrx_word' id='word_1_91' title='bbox 594 731 676 761; x_wconf 88' lang='lat' dir='ltr'>viros</span> <span class='ocrx_word' id='word_1_92' title='bbox 689 729 832 771; x_wconf 86' lang='lat' dir='ltr'>aliosque</span> <span class='ocrx_word' id='word_1_93' title='bbox 853 729 1055 771; x_wconf 72' lang='lat' dir='ltr'>magistratus</span> <span class='ocrx_word' id='word_1_94' title='bbox 1075 739 1132 770; x_wconf 88' lang='lat' dir='ltr'>pro</span> <span class='ocrx_word' id='word_1_95' title='bbox 1149 727 1258 758; x_wconf 91' lang='lat' dir='ltr'>lubitu</span> <span class='ocrx_word' id='word_1_96' title='bbox 1273 738 1311 758; x_wconf 85' lang='lat' dir='ltr'>ex</span> <span class='ocrx_word' id='word_1_97' title='bbox 1328 728 1437 757; x_wconf 89' lang='lat' dir='ltr'>amicis</span> <span class='ocrx_word' id='word_1_98' title='bbox 1453 727 1534 765; x_wconf 81' lang='lat' dir='ltr'>suis,</span> 
     </span>
     <span class='ocr_line' id='line_1_11' title="bbox 198 780 1535 827; baseline -0.003 -12"><span class='ocrx_word' id='word_1_99' title='bbox 198 785 318 827; x_wconf 88' lang='lat' dir='ltr'>iisque,</span> <span class='ocrx_word' id='word_1_100' title='bbox 340 785 396 826; x_wconf 89' lang='lat' dir='ltr'>qui</span> <span class='ocrx_word' id='word_1_101' title='bbox 417 783 542 814; x_wconf 77' lang='lat' dir='ltr'>exsules</span> <span class='ocrx_word' id='word_1_102' title='bbox 562 783 707 822; x_wconf 83' lang='lat' dir='ltr'>fuerant,</span> <span class='ocrx_word' id='word_1_103' title='bbox 731 788 982 824; x_wconf 85' lang='lat' dir='ltr'>composuerunt</span> <span class='ocrx_word' id='word_1_104' title='bbox 998 781 1055 823; x_wconf 86' lang='lat'>(9).</span> <span class='ocrx_word' id='word_1_105' title='bbox 1078 781 1216 812; x_wconf 87' lang='lat' dir='ltr'>Nomine</span> <span class='ocrx_word' id='word_1_106' title='bbox 1231 782 1331 824; x_wconf 83' lang='lat' dir='ltr'>igitur</span> <span class='ocrx_word' id='word_1_107' title='bbox 1354 781 1387 811; x_wconf 92' lang='lat' dir='ltr'>hi</span> <span class='ocrx_word' id='word_1_108' title='bbox 1404 780 1535 822; x_wconf 85' lang='lat' dir='ltr'>quidem</span> 
     </span>
     <span class='ocr_line' id='line_1_12' title="bbox 197 834 1163 880; baseline -0.005 -11"><span class='ocrx_word' id='word_1_109' title='bbox 197 838 403 880; x_wconf 77' lang='lat' dir='ltr'>magistratus</span> <span class='ocrx_word' id='word_1_110' title='bbox 423 842 532 875; x_wconf 67' lang='lat' dir='ltr'>erant,</span> <span class='ocrx_word' id='word_1_111' title='bbox 556 846 667 867; x_wconf 86' lang='lat' dir='ltr'>revera</span> <span class='ocrx_word' id='word_1_112' title='bbox 688 841 795 866; x_wconf 83' lang='lat' dir='ltr'>autem</span> <span class='ocrx_word' id='word_1_113' title='bbox 822 834 960 864; x_wconf 69' lang='lat' dir='ltr'>illorum</span> <span class='ocrx_word' id='word_1_114' title='bbox 975 834 1163 864; x_wconf 80' lang='lat' dir='ltr'>administri.</span> 
     </span>
    </p>

    <p class='ocr_par' dir='ltr' id='par_1_3' title="bbox 196 886 1535 1407">
     <span class='ocr_line' id='line_1_13' title="bbox 246 886 1534 931; baseline -0.003 -11"><span class='ocrx_word' id='word_1_115' title='bbox 246 891 392 921; x_wconf 88' lang='lat' dir='ltr'>Primum</span> <span class='ocrx_word' id='word_1_116' title='bbox 422 888 554 931; x_wconf 85' lang='lat' dir='ltr'>quidem</span> <span class='ocrx_word' id='word_1_117' title='bbox 583 888 745 930; x_wconf 83' lang='lat' dir='ltr'>paulisper</span> <span class='ocrx_word' id='word_1_118' title='bbox 775 886 1008 929; x_wconf 84' lang='lat' dir='ltr'>rempublicam</span> <span class='ocrx_word' id='word_1_119' title='bbox 1039 887 1144 929; x_wconf 88' lang='lat' dir='ltr'>specie</span> <span class='ocrx_word' id='word_1_120' title='bbox 1174 886 1311 929; x_wconf 83' lang='lat' dir='ltr'>quadam</span> <span class='ocrx_word' id='word_1_121' title='bbox 1342 886 1470 929; x_wconf 74' lang='lat' dir='ltr'>justitiae</span> <span class='ocrx_word' id='word_1_122' title='bbox 1498 898 1534 917; x_wconf 87' lang='lat' dir='ltr'>ac</span> 
     </span>
     <span class='ocr_line' id='line_1_14' title="bbox 199 939 1532 985; baseline -0.004 -11"><span class='ocrx_word' id='word_1_123' title='bbox 199 943 416 974; x_wconf 80' lang='lat' dir='ltr'>moderatione</span> <span class='ocrx_word' id='word_1_124' title='bbox 440 953 551 985; x_wconf 83' lang='lat' dir='ltr'>gerere</span> <span class='ocrx_word' id='word_1_125' title='bbox 571 942 799 979; x_wconf 74' lang='lat' dir='ltr'>instituerunt⁷</span> <span class='ocrx_word' id='word_1_126' title='bbox 825 946 875 979; x_wconf 81' lang='lat' dir='ltr'>et⁷</span> <span class='ocrx_word' id='word_1_127' title='bbox 898 946 935 971; x_wconf 87' lang='lat' dir='ltr'>ut</span> <span class='ocrx_word' id='word_1_128' title='bbox 955 940 1113 983; x_wconf 89' lang='lat' dir='ltr'>populum</span> <span class='ocrx_word' id='word_1_129' title='bbox 1136 950 1173 970; x_wconf 88' lang='lat' dir='ltr'>eo</span> <span class='ocrx_word' id='word_1_130' title='bbox 1195 939 1310 970; x_wconf 85' lang='lat' dir='ltr'>melius</span> <span class='ocrx_word' id='word_1_131' title='bbox 1330 939 1532 982; x_wconf 81' lang='lat' dir='ltr'>deciperent,</span> 
     </span>
     <span class='ocr_line' id='line_1_15' title="bbox 199 993 1535 1038; baseline -0.003 -11"><span class='ocrx_word' id='word_1_132' title='bbox 199 996 368 1035; x_wconf 72' lang='lat' dir='ltr'>dixerunt,</span> <span class='ocrx_word' id='word_1_133' title='bbox 385 1002 530 1038; x_wconf 84' lang='lat' dir='ltr'>oportere</span> <span class='ocrx_word' id='word_1_134' title='bbox 545 996 707 1025; x_wconf 83' lang='lat' dir='ltr'>civitatem</span> <span class='ocrx_word' id='word_1_135' title='bbox 722 994 762 1024; x_wconf 84' lang='lat' dir='ltr'>ab</span> <span class='ocrx_word' id='word_1_136' title='bbox 776 994 928 1035; x_wconf 87' lang='lat' dir='ltr'>improbis</span> <span class='ocrx_word' id='word_1_137' title='bbox 943 994 1091 1035; x_wconf 81' lang='lat' dir='ltr'>purgari,</span> <span class='ocrx_word' id='word_1_138' title='bbox 1109 999 1303 1035; x_wconf 56' lang='lat' dir='ltr'>caeterosque</span> <span class='ocrx_word' id='word_1_139' title='bbox 1317 994 1401 1024; x_wconf 85' lang='lat' dir='ltr'>cives</span> <span class='ocrx_word' id='word_1_140' title='bbox 1413 993 1452 1023; x_wconf 85' lang='lat' dir='ltr'>ad</span> <span class='ocrx_word' id='word_1_141' title='bbox 1469 995 1535 1025; x_wconf 86' lang='lat' dir='ltr'>vir-</span> 
     </span>
     <span class='ocr_line' id='line_1_16' title="bbox 201 1046 1535 1091; baseline -0.003 -11"><span class='ocrx_word' id='word_1_142' title='bbox 201 1051 276 1080; x_wconf 84' lang='lat' dir='ltr'>tutis</span> <span class='ocrx_word' id='word_1_143' title='bbox 300 1061 336 1079; x_wconf 89' lang='lat' dir='ltr'>ac</span> <span class='ocrx_word' id='word_1_144' title='bbox 367 1048 494 1091; x_wconf 82' lang='lat' dir='ltr'>justitiae</span> <span class='ocrx_word' id='word_1_145' title='bbox 519 1047 623 1077; x_wconf 85' lang='lat' dir='ltr'>studia</span> <span class='ocrx_word' id='word_1_146' title='bbox 653 1047 806 1077; x_wconf 82' lang='lat' dir='ltr'>converti.</span> <span class='ocrx_word' id='word_1_147' title='bbox 839 1046 941 1087; x_wconf 83' lang='lat' dir='ltr'>Igitur</span> <span class='ocrx_word' id='word_1_148' title='bbox 970 1056 1097 1087; x_wconf 80' lang='lat' dir='ltr'>coepere</span> <span class='ocrx_word' id='word_1_149' title='bbox 1116 1046 1290 1086; x_wconf 81' lang='lat' dir='ltr'>pessimum</span> <span class='ocrx_word' id='word_1_150' title='bbox 1318 1056 1481 1087; x_wconf 79' lang='lat' dir='ltr'>quemque</span> <span class='ocrx_word' id='word_1_151' title='bbox 1503 1052 1535 1076; x_wconf 86' lang='lat' dir='ltr'>et</span> 
     </span>
     <span class='ocr_line' id='line_1_17' title="bbox 197 1097 1532 1140; baseline -0.004 -8"><span class='ocrx_word' id='word_1_152' title='bbox 197 1101 344 1132; x_wconf 87' lang='lat' dir='ltr'>omnibus</span> <span class='ocrx_word' id='word_1_153' title='bbox 368 1100 507 1131; x_wconf 85' lang='lat' dir='ltr'>invisum</span> <span class='ocrx_word' id='word_1_154' title='bbox 529 1099 751 1129; x_wconf 85' lang='lat' dir='ltr'>indemnatum</span> <span class='ocrx_word' id='word_1_155' title='bbox 772 1108 904 1128; x_wconf 86' lang='lat' dir='ltr'>necare:</span> <span class='ocrx_word' id='word_1_156' title='bbox 925 1097 961 1127; x_wconf 82' lang='lat' dir='ltr'>in</span> <span class='ocrx_word' id='word_1_157' title='bbox 979 1097 1028 1127; x_wconf 89' lang='lat' dir='ltr'>his</span> <span class='ocrx_word' id='word_1_158' title='bbox 1049 1103 1113 1128; x_wconf 86' lang='lat' dir='ltr'>tres</span> <span class='ocrx_word' id='word_1_159' title='bbox 1130 1097 1286 1139; x_wconf 85' lang='lat' dir='ltr'>imprimis</span> <span class='ocrx_word' id='word_1_160' title='bbox 1307 1097 1532 1140; x_wconf 75' lang='lat' dir='ltr'>sycophantas,</span> 
     </span>
     <span class='ocr_line' id='line_1_18' title="bbox 197 1149 1533 1196; baseline -0.002 -12"><span class='ocrx_word' id='word_1_161' title='bbox 197 1165 276 1196; x_wconf 82' lang='lat' dir='ltr'>quos</span> <span class='ocrx_word' id='word_1_162' title='bbox 311 1164 350 1183; x_wconf 77' lang='lat' dir='ltr'>ex</span> <span class='ocrx_word' id='word_1_163' title='bbox 382 1151 507 1195; x_wconf 83' lang='lat' dir='ltr'>injustis</span> <span class='ocrx_word' id='word_1_164' title='bbox 535 1150 672 1181; x_wconf 88' lang='lat' dir='ltr'>aliorum</span> <span class='ocrx_word' id='word_1_165' title='bbox 704 1149 959 1181; x_wconf 81' lang='lat' dir='ltr'>accusationibus</span> <span class='ocrx_word' id='word_1_166' title='bbox 986 1151 1020 1181; x_wconf 91' lang='lat' dir='ltr'>in</span> <span class='ocrx_word' id='word_1_167' title='bbox 1049 1156 1134 1181; x_wconf 86' lang='lat' dir='ltr'>statu</span> <span class='ocrx_word' id='word_1_168' title='bbox 1162 1150 1311 1193; x_wconf 87' lang='lat' dir='ltr'>populari</span> <span class='ocrx_word' id='word_1_169' title='bbox 1340 1161 1372 1181; x_wconf 87' lang='lat' dir='ltr'>se</span> <span class='ocrx_word' id='word_1_170' title='bbox 1398 1150 1533 1190; x_wconf 79' lang='lat' dir='ltr'>aluisse,</span> 
     </span>
     <span class='ocr_line' id='line_1_19' title="bbox 197 1203 1535 1248; baseline -0.002 -11"><span class='ocrx_word' id='word_1_171' title='bbox 197 1212 293 1248; x_wconf 81' lang='lat' dir='ltr'>atque</span> <span class='ocrx_word' id='word_1_172' title='bbox 315 1203 520 1247; x_wconf 83' lang='lat' dir='ltr'>optimatibus</span> <span class='ocrx_word' id='word_1_173' title='bbox 541 1214 652 1246; x_wconf 85' lang='lat' dir='ltr'>graves</span> <span class='ocrx_word' id='word_1_174' title='bbox 672 1203 787 1242; x_wconf 79' lang='lat' dir='ltr'>fuisse,</span> <span class='ocrx_word' id='word_1_175' title='bbox 810 1203 973 1234; x_wconf 83' lang='lat' dir='ltr'>constabat</span> <span class='ocrx_word' id='word_1_176' title='bbox 996 1203 1154 1234; x_wconf 88' lang='lat' dir='ltr'>omnibus.</span> <span class='ocrx_word' id='word_1_177' title='bbox 1174 1203 1308 1234; x_wconf 82' lang='lat' dir='ltr'>Senatus</span> <span class='ocrx_word' id='word_1_178' title='bbox 1327 1203 1464 1234; x_wconf 86' lang='lat' dir='ltr'>libenter</span> <span class='ocrx_word' id='word_1_179' title='bbox 1478 1204 1535 1235; x_wconf 88' lang='lat' dir='ltr'>hos</span> 
     </span>
     <span class='ocr_line' id='line_1_20' title="bbox 197 1256 1535 1299; baseline -0.002 -9"><span class='ocrx_word' id='word_1_180' title='bbox 197 1259 437 1297; x_wconf 79' lang='lat' dir='ltr'>condemnavit,</span> <span class='ocrx_word' id='word_1_181' title='bbox 463 1268 523 1288; x_wconf 90' lang='lat' dir='ltr'>nec</span> <span class='ocrx_word' id='word_1_182' title='bbox 545 1257 662 1299; x_wconf 86' lang='lat' dir='ltr'>reliqui</span> <span class='ocrx_word' id='word_1_183' title='bbox 682 1257 779 1288; x_wconf 88' lang='lat' dir='ltr'>etiam</span> <span class='ocrx_word' id='word_1_184' title='bbox 802 1257 906 1295; x_wconf 73' lang='lat' dir='ltr'>cives,</span> <span class='ocrx_word' id='word_1_185' title='bbox 938 1262 1098 1298; x_wconf 75' lang='lat' dir='ltr'>quotquot</span> <span class='ocrx_word' id='word_1_186' title='bbox 1124 1256 1183 1286; x_wconf 87' lang='lat' dir='ltr'>sibi</span> <span class='ocrx_word' id='word_1_187' title='bbox 1208 1256 1322 1287; x_wconf 86' lang='lat' dir='ltr'>talium</span> <span class='ocrx_word' id='word_1_188' title='bbox 1353 1256 1535 1288; x_wconf 84' lang='lat' dir='ltr'>facinorum</span> 
     </span>
     <span class='ocr_line' id='line_1_21' title="bbox 196 1309 1534 1350; baseline -0.003 -6"><span class='ocrx_word' id='word_1_189' title='bbox 196 1313 314 1344; x_wconf 88' lang='lat' dir='ltr'>conscii</span> <span class='ocrx_word' id='word_1_190' title='bbox 329 1323 395 1342; x_wconf 88' lang='lat' dir='ltr'>non</span> <span class='ocrx_word' id='word_1_191' title='bbox 409 1316 516 1350; x_wconf 83' lang='lat' dir='ltr'>erant,</span> <span class='ocrx_word' id='word_1_192' title='bbox 536 1310 569 1341; x_wconf 90' lang='lat' dir='ltr'>id</span> <span class='ocrx_word' id='word_1_193' title='bbox 584 1310 716 1341; x_wconf 85' lang='lat' dir='ltr'>moleste</span> <span class='ocrx_word' id='word_1_194' title='bbox 732 1309 896 1348; x_wconf 83' lang='lat' dir='ltr'>tulerunt,</span> <span class='ocrx_word' id='word_1_195' title='bbox 913 1309 978 1340; x_wconf 89' lang='lat' dir='ltr'>imo</span> <span class='ocrx_word' id='word_1_196' title='bbox 993 1310 1108 1340; x_wconf 82' lang='lat' dir='ltr'>merito</span> <span class='ocrx_word' id='word_1_197' title='bbox 1125 1309 1234 1340; x_wconf 81' lang='lat' dir='ltr'>dixere</span> <span class='ocrx_word' id='word_1_198' title='bbox 1251 1310 1329 1340; x_wconf 86' lang='lat' dir='ltr'>fieri.</span> <span class='ocrx_word' id='word_1_199' title='bbox 1352 1309 1414 1340; x_wconf 89' lang='lat' dir='ltr'>Sed</span> <span class='ocrx_word' id='word_1_200' title='bbox 1429 1309 1534 1341; x_wconf 84' lang='lat' dir='ltr'>brevis</span> 
     </span>
     <span class='ocr_line' id='line_1_22' title="bbox 197 1362 1533 1407; baseline -0.004 -9"><span class='ocrx_word' id='word_1_201' title='bbox 197 1366 369 1398; x_wconf 81' lang='lat' dir='ltr'>admodum</span> <span class='ocrx_word' id='word_1_202' title='bbox 389 1365 453 1396; x_wconf 86' lang='lat' dir='ltr'>fuit</span> <span class='ocrx_word' id='word_1_203' title='bbox 468 1365 580 1407; x_wconf 83' lang='lat' dir='ltr'>populi</span> <span class='ocrx_word' id='word_1_204' title='bbox 596 1364 704 1395; x_wconf 75' lang='lat' dir='ltr'>laetitia</span> <span class='ocrx_word' id='word_1_205' title='bbox 719 1376 724 1395; x_wconf 91' lang='lat'>:</span> <span class='ocrx_word' id='word_1_206' title='bbox 748 1375 784 1395; x_wconf 89' lang='lat' dir='ltr'>ea</span> <span class='ocrx_word' id='word_1_207' title='bbox 803 1365 890 1395; x_wconf 85' lang='lat' dir='ltr'>enim</span> <span class='ocrx_word' id='word_1_208' title='bbox 911 1374 960 1394; x_wconf 85' lang='lat' dir='ltr'>res</span> <span class='ocrx_word' id='word_1_209' title='bbox 976 1374 1099 1406; x_wconf 83' lang='lat' dir='ltr'>magnae</span> <span class='ocrx_word' id='word_1_210' title='bbox 1114 1363 1244 1394; x_wconf 89' lang='lat' dir='ltr'>initium</span> <span class='ocrx_word' id='word_1_211' title='bbox 1266 1362 1362 1394; x_wconf 86' lang='lat' dir='ltr'>cladis</span> <span class='ocrx_word' id='word_1_212' title='bbox 1380 1363 1533 1405; x_wconf 83' lang='lat' dir='ltr'>fuit(10).</span> 
     </span>
    </p>
   </div>
   <div class='ocr_carea' id='block_1_2' title="bbox 197 1476 1537 2023">
    <p class='ocr_par' dir='ltr' id='par_1_4' title="bbox 258 1476 1168 1509">
     <span class='ocr_line' id='line_1_23' title="bbox 258 1476 1168 1509; baseline -0.003 -7"><span class='ocrx_word' id='word_1_213' title='bbox 258 1480 301 1509; x_wconf 88' lang='lat'>(1)</span> <span class='ocrx_word' id='word_1_214' title='bbox 318 1480 395 1502; x_wconf 83' lang='lat' dir='ltr'>Plato</span> <span class='ocrx_word' id='word_1_215' title='bbox 414 1479 439 1501; x_wconf 86' lang='lat' dir='ltr'>iu</span> <span class='ocrx_word' id='word_1_216' title='bbox 454 1479 573 1501; x_wconf 60' lang='lat' dir='ltr'>Pap-men.</span> <span class='ocrx_word' id='word_1_217' title='bbox 594 1477 632 1500; x_wconf 86' lang='lat' dir='ltr'>Cf.</span> <span class='ocrx_word' id='word_1_218' title='bbox 653 1478 736 1500; x_wconf 73' lang='lat' dir='ltr'>Groen</span> <span class='ocrx_word' id='word_1_219' title='bbox 753 1484 803 1500; x_wconf 82' lang='lat' dir='ltr'>van</span> <span class='ocrx_word' id='word_1_220' title='bbox 823 1477 975 1505; x_wconf 76' lang='lat' dir='ltr'>Prinsterer‚</span> <span class='ocrx_word' id='word_1_221' title='bbox 997 1476 1014 1498; x_wconf 86' lang='lat' dir='ltr'>l.</span> <span class='ocrx_word' id='word_1_222' title='bbox 1034 1485 1054 1499; x_wconf 90' lang='lat' dir='ltr'>c.</span> <span class='ocrx_word' id='word_1_223' title='bbox 1072 1485 1097 1507; x_wconf 87' lang='lat' dir='ltr'>p.</span> <span class='ocrx_word' id='word_1_224' title='bbox 1117 1483 1168 1504; x_wconf 82' lang='lat'>140.</span> 
     </span>
    </p>

    <p class='ocr_par' dir='ltr' id='par_1_5' title="bbox 256 1518 544 1549">
     <span class='ocr_line' id='line_1_24' title="bbox 256 1518 544 1549; baseline 0 -8"><span class='ocrx_word' id='word_1_225' title='bbox 256 1519 301 1548; x_wconf 81' lang='lat'>(2)</span> <span class='ocrx_word' id='word_1_226' title='bbox 317 1520 426 1549; x_wconf 77' lang='lat' dir='ltr'>Lysias,</span> <span class='ocrx_word' id='word_1_227' title='bbox 448 1526 472 1548; x_wconf 89' lang='lat' dir='ltr'>p.</span> <span class='ocrx_word' id='word_1_228' title='bbox 494 1518 544 1547; x_wconf 83' lang='lat'>¹95·</span> 
     </span>
    </p>

    <p class='ocr_par' dir='ltr' id='par_1_6' title="bbox 257 1554 1495 1588">
     <span class='ocr_line' id='line_1_25' title="bbox 257 1554 1495 1588; baseline -0.004 -7"><span class='ocrx_word' id='word_1_229' title='bbox 257 1559 300 1587; x_wconf 84' lang='lat'>(3)</span> <span class='ocrx_word' id='word_1_230' title='bbox 316 1559 388 1581; x_wconf 82' lang='lat' dir='ltr'>Plut.</span> <span class='ocrx_word' id='word_1_231' title='bbox 405 1558 431 1581; x_wconf 84' lang='lat' dir='ltr'>iu</span> <span class='ocrx_word' id='word_1_232' title='bbox 445 1559 507 1588; x_wconf 79' lang='lat' dir='ltr'>Lys.</span> <span class='ocrx_word' id='word_1_233' title='bbox 521 1558 538 1580; x_wconf 86' lang='lat'>1.</span> <span class='ocrx_word' id='word_1_234' title='bbox 552 1557 570 1579; x_wconf 86' lang='lat' dir='ltr'>l.</span> <span class='ocrx_word' id='word_1_235' title='bbox 587 1557 664 1580; x_wconf 85' lang='lat' dir='ltr'>Plato</span> <span class='ocrx_word' id='word_1_236' title='bbox 681 1557 708 1579; x_wconf 89' lang='lat' dir='ltr'>in</span> <span class='ocrx_word' id='word_1_237' title='bbox 718 1555 795 1586; x_wconf 82' lang='lat' dir='ltr'>Epist.</span> <span class='ocrx_word' id='word_1_238' title='bbox 808 1556 867 1578; x_wconf 75' lang='lat' dir='ltr'>VH.</span> <span class='ocrx_word' id='word_1_239' title='bbox 880 1556 914 1578; x_wconf 87' lang='lat' dir='ltr'>ad</span> <span class='ocrx_word' id='word_1_240' title='bbox 929 1556 1023 1578; x_wconf 85' lang='lat' dir='ltr'>Dionis</span> <span class='ocrx_word' id='word_1_241' title='bbox 1038 1556 1201 1585; x_wconf 79' lang='lat' dir='ltr'>pmpinquos,</span> <span class='ocrx_word' id='word_1_242' title='bbox 1215 1563 1239 1585; x_wconf 80' lang='lat' dir='ltr'>p.</span> <span class='ocrx_word' id='word_1_243' title='bbox 1256 1555 1313 1582; x_wconf 80' lang='lat'><strong>428,</strong></span> <span class='ocrx_word' id='word_1_244' title='bbox 1333 1554 1440 1583; x_wconf 76' lang='lat' dir='ltr'>ejusdem</span> <span class='ocrx_word' id='word_1_245' title='bbox 1456 1554 1495 1576; x_wconf 83' lang='lat' dir='ltr'>ed.</span> 
     </span>
    </p>

    <p class='ocr_par' dir='ltr' id='par_1_7' title="bbox 256 1594 1537 1627">
     <span class='ocr_line' id='line_1_26' title="bbox 256 1594 1537 1627; baseline -0.003 -7"><span class='ocrx_word' id='word_1_246' title='bbox 256 1598 301 1627; x_wconf 71' lang='lat'>(4)</span> <span class='ocrx_word' id='word_1_247' title='bbox 318 1598 409 1620; x_wconf 78' lang='lat' dir='ltr'>Athen.</span> <span class='ocrx_word' id='word_1_248' title='bbox 424 1597 467 1620; x_wconf 87' lang='lat' dir='ltr'>lib.</span> <span class='ocrx_word' id='word_1_249' title='bbox 483 1599 520 1625; x_wconf 88' lang='lat'>11,</span> <span class='ocrx_word' id='word_1_250' title='bbox 536 1605 560 1627; x_wconf 87' lang='lat' dir='ltr'>p.</span> <span class='ocrx_word' id='word_1_251' title='bbox 573 1597 611 1619; x_wconf 84' lang='lat'>44.</span> <span class='ocrx_word' id='word_1_252' title='bbox 622 1609 650 1613; x_wconf 89' lang='lat'>—</span> <span class='ocrx_word' id='word_1_253' title='bbox 661 1596 735 1619; x_wconf 61' lang='lat' dir='ltr'>Iti-odo</span> <span class='ocrx_word' id='word_1_254' title='bbox 749 1602 805 1618; x_wconf 83' lang='lat' dir='ltr'>vera</span> <span class='ocrx_word' id='word_1_255' title='bbox 819 1594 850 1616; x_wconf 85' lang='lat' dir='ltr'>sit.</span> <span class='ocrx_word' id='word_1_256' title='bbox 860 1594 944 1622; x_wconf 74' lang='lat' dir='ltr'>lectio,</span> <span class='ocrx_word' id='word_1_257' title='bbox 960 1595 1103 1617; x_wconf 78' lang='lat' dir='ltr'>observante</span> <span class='ocrx_word' id='word_1_258' title='bbox 1119 1595 1247 1624; x_wconf 77' lang='lat' dir='ltr'>IVytlenb.</span> <span class='ocrx_word' id='word_1_259' title='bbox 1261 1595 1349 1617; x_wconf 80' lang='lat' dir='ltr'>Select.</span> <span class='ocrx_word' id='word_1_260' title='bbox 1363 1595 1432 1616; x_wconf 80' lang='lat' dir='ltr'>Hisl.</span> <span class='ocrx_word' id='word_1_261' title='bbox 1446 1601 1470 1624; x_wconf 85' lang='lat' dir='ltr'>p.</span> <span class='ocrx_word' id='word_1_262' title='bbox 1481 1595 1537 1616; x_wconf 70' lang='lat'>411.</span> 
     </span>
    </p>

    <p class='ocr_par' dir='ltr' id='par_1_8' title="bbox 198 1633 1532 1705">
     <span class='ocr_line' id='line_1_27' title="bbox 258 1633 1532 1666; baseline -0.003 -7"><span class='ocrx_word' id='word_1_263' title='bbox 258 1636 302 1665; x_wconf 90' lang='lat'>(5)</span> <span class='ocrx_word' id='word_1_264' title='bbox 320 1636 431 1666; x_wconf 76' lang='lat' dir='ltr'>Xenoph.</span> <span class='ocrx_word' id='word_1_265' title='bbox 450 1638 488 1662; x_wconf 86' lang='lat'>11,</span> <span class='ocrx_word' id='word_1_266' title='bbox 506 1636 533 1664; x_wconf 90' lang='lat'>4,</span> <span class='ocrx_word' id='word_1_267' title='bbox 553 1636 565 1664; x_wconf 87' lang='lat'>§</span> <span class='ocrx_word' id='word_1_268' title='bbox 584 1643 618 1664; x_wconf 83' lang='lat'>19·</span> <span class='ocrx_word' id='word_1_269' title='bbox 636 1635 728 1657; x_wconf 75' lang='lat' dir='ltr'>Genese</span> <span class='ocrx_word' id='word_1_270' title='bbox 746 1634 765 1655; x_wconf 92' lang='lat' dir='ltr'>is</span> <span class='ocrx_word' id='word_1_271' title='bbox 781 1637 833 1656; x_wconf 81' lang='lat' dir='ltr'>erat</span> <span class='ocrx_word' id='word_1_272' title='bbox 851 1633 934 1655; x_wconf 68' lang='lat' dir='ltr'>Critiae</span> <span class='ocrx_word' id='word_1_273' title='bbox 950 1634 1103 1663; x_wconf 84' lang='lat' dir='ltr'>conjunctus.</span> <span class='ocrx_word' id='word_1_274' title='bbox 1121 1634 1206 1660; x_wconf 72' lang='lat' dir='ltr'>Plato,</span> <span class='ocrx_word' id='word_1_275' title='bbox 1224 1633 1249 1656; x_wconf 88' lang='lat' dir='ltr'>in</span> <span class='ocrx_word' id='word_1_276' title='bbox 1273 1633 1414 1662; x_wconf 64' lang='lat' dir='ltr'>Clam-mide,</span> <span class='ocrx_word' id='word_1_277' title='bbox 1434 1641 1459 1663; x_wconf 86' lang='lat' dir='ltr'>p.</span> <span class='ocrx_word' id='word_1_278' title='bbox 1478 1634 1532 1663; x_wconf 81' lang='lat'>157,</span> 
     </span>
     <span class='ocr_line' id='line_1_28' title="bbox 198 1673 977 1705; baseline -0.005 -7"><span class='ocrx_word' id='word_1_279' title='bbox 198 1675 235 1699; x_wconf 77' lang='lat' dir='ltr'>ed.</span> <span class='ocrx_word' id='word_1_280' title='bbox 256 1675 384 1705; x_wconf 82' lang='lat' dir='ltr'>Stephani.</span> <span class='ocrx_word' id='word_1_281' title='bbox 403 1675 441 1698; x_wconf 84' lang='lat' dir='ltr'>Cf.</span> <span class='ocrx_word' id='word_1_282' title='bbox 466 1676 548 1698; x_wconf 80' lang='lat' dir='ltr'>G&#39;roen</span> <span class='ocrx_word' id='word_1_283' title='bbox 565 1682 615 1697; x_wconf 82' lang='lat' dir='ltr'>van</span> <span class='ocrx_word' id='word_1_284' title='bbox 633 1674 789 1699; x_wconf 74' lang='lat' dir='ltr'>Prinsterer,</span> <span class='ocrx_word' id='word_1_285' title='bbox 810 1681 835 1702; x_wconf 91' lang='lat' dir='ltr'>p.</span> <span class='ocrx_word' id='word_1_286' title='bbox 854 1673 897 1695; x_wconf 81' lang='lat'>213</span> <span class='ocrx_word' id='word_1_287' title='bbox 912 1680 977 1703; x_wconf 84' lang='lat' dir='ltr'>seqq.</span> 
     </span>
    </p>

    <p class='ocr_par' dir='ltr' id='par_1_9' title="bbox 258 1715 600 1745">
     <span class='ocr_line' id='line_1_29' title="bbox 258 1715 600 1745; baseline -0.006 -7"><span class='ocrx_word' id='word_1_288' title='bbox 258 1716 291 1745; x_wconf 81' lang='lat'>(6)</span> <span class='ocrx_word' id='word_1_289' title='bbox 308 1716 509 1745; x_wconf 68' lang='lat' dir='ltr'>Harpocration,</span> <span class='ocrx_word' id='word_1_290' title='bbox 532 1715 558 1737; x_wconf 86' lang='lat' dir='ltr'>iu</span> <span class='ocrx_word' id='word_1_291' title='bbox 575 1722 600 1737; x_wconf 85' lang='lat' dir='ltr'>v.</span> 
     </span>
    </p>

    <p class='ocr_par' dir='ltr' id='par_1_10' title="bbox 257 1753 973 1784">
     <span class='ocr_line' id='line_1_30' title="bbox 257 1753 973 1784; baseline -0.003 -7"><span class='ocrx_word' id='word_1_292' title='bbox 257 1755 290 1784; x_wconf 89' lang='lat'>(7)</span> <span class='ocrx_word' id='word_1_293' title='bbox 308 1755 419 1784; x_wconf 83' lang='lat' dir='ltr'>Xenoph.</span> <span class='ocrx_word' id='word_1_294' title='bbox 440 1756 478 1783; x_wconf 84' lang='lat'>11,</span> <span class='ocrx_word' id='word_1_295' title='bbox 498 1762 519 1776; x_wconf 87' lang='lat' dir='ltr'>c.</span> <span class='ocrx_word' id='word_1_296' title='bbox 535 1754 562 1780; x_wconf 78' lang='lat'>5,</span> <span class='ocrx_word' id='word_1_297' title='bbox 583 1754 660 1782; x_wconf 68' lang='lat' dir='ltr'>§zet</span> <span class='ocrx_word' id='word_1_298' title='bbox 677 1761 712 1776; x_wconf 82' lang='lat'>11.</span> <span class='ocrx_word' id='word_1_299' title='bbox 729 1753 808 1775; x_wconf 76' lang='lat' dir='ltr'>Diod.</span> <span class='ocrx_word' id='word_1_300' title='bbox 828 1761 847 1775; x_wconf 89' lang='lat' dir='ltr'>c.</span> <span class='ocrx_word' id='word_1_301' title='bbox 867 1753 893 1781; x_wconf 85' lang='lat'>4,</span> <span class='ocrx_word' id='word_1_302' title='bbox 912 1753 973 1776; x_wconf 73' lang='lat' dir='ltr'>ibid‘.</span> 
     </span>
    </p>

    <p class='ocr_par' dir='ltr' id='par_1_11' title="bbox 256 1793 724 1824">
     <span class='ocr_line' id='line_1_31' title="bbox 256 1793 724 1824; baseline -0.002 -8"><span class='ocrx_word' id='word_1_303' title='bbox 256 1794 290 1823; x_wconf 89' lang='lat'>(8)</span> <span class='ocrx_word' id='word_1_304' title='bbox 306 1794 414 1824; x_wconf 78' lang='lat' dir='ltr'>Lysias,</span> <span class='ocrx_word' id='word_1_305' title='bbox 433 1798 519 1816; x_wconf 81' lang='lat' dir='ltr'>contra</span> <span class='ocrx_word' id='word_1_306' title='bbox 537 1793 724 1816; x_wconf 73' lang='lat' dir='ltr'>Nicomachum.</span> 
     </span>
    </p>

    <p class='ocr_par' dir='ltr' id='par_1_12' title="bbox 257 1832 1182 1864">
     <span class='ocr_line' id='line_1_32' title="bbox 257 1832 1182 1864; baseline 0 -9"><span class='ocrx_word' id='word_1_307' title='bbox 257 1833 290 1864; x_wconf 67' lang='lat'>(9)</span> <span class='ocrx_word' id='word_1_308' title='bbox 308 1832 444 1862; x_wconf 72' lang='lat' dir='ltr'>Xenophon</span> <span class='ocrx_word' id='word_1_309' title='bbox 463 1833 481 1855; x_wconf 76' lang='grc' dir='ltr'>Ι.</span> <span class='ocrx_word' id='word_1_310' title='bbox 497 1833 514 1855; x_wconf 92' lang='lat'>1.</span> <span class='ocrx_word' id='word_1_311' title='bbox 532 1833 610 1855; x_wconf 71' lang='lat' dir='ltr'>Diod.</span> <span class='ocrx_word' id='word_1_312' title='bbox 629 1833 645 1855; x_wconf 90' lang='lat'>1.</span> <span class='ocrx_word' id='word_1_313' title='bbox 665 1833 682 1855; x_wconf 68' lang='lat' dir='ltr'>l.</span> <span class='ocrx_word' id='word_1_314' title='bbox 701 1833 763 1863; x_wconf 86' lang='lat' dir='ltr'>Lys.</span> <span class='ocrx_word' id='word_1_315' title='bbox 783 1837 867 1855; x_wconf 76' lang='lat' dir='ltr'>comta</span> <span class='ocrx_word' id='word_1_316' title='bbox 884 1834 1035 1863; x_wconf 77' lang='lat' dir='ltr'>Aguratum,</span> <span class='ocrx_word' id='word_1_317' title='bbox 1055 1840 1110 1864; x_wconf 85' lang='lat' dir='ltr'>pag.</span> <span class='ocrx_word' id='word_1_318' title='bbox 1130 1833 1182 1855; x_wconf 82' lang='lat'>260.</span> 
     </span>
    </p>

    <p class='ocr_par' dir='ltr' id='par_1_13' title="bbox 197 1871 1537 2023">
     <span class='ocr_line' id='line_1_33' title="bbox 257 1871 1535 1903; baseline 0.002 -9"><span class='ocrx_word' id='word_1_319' title='bbox 257 1872 306 1902; x_wconf 89' lang='grc' dir='ltr'>(ιο)</span> <span class='ocrx_word' id='word_1_320' title='bbox 324 1871 468 1901; x_wconf 82' lang='lat' dir='ltr'>Xenophon.</span> <span class='ocrx_word' id='word_1_321' title='bbox 491 1872 503 1901; x_wconf 85' lang='lat'>§</span> <span class='ocrx_word' id='word_1_322' title='bbox 524 1880 560 1895; x_wconf 83' lang='lat'>12.</span> <span class='ocrx_word' id='word_1_323' title='bbox 578 1873 657 1894; x_wconf 82' lang='lat' dir='ltr'>Diod.</span> <span class='ocrx_word' id='word_1_324' title='bbox 674 1872 691 1894; x_wconf 84' lang='lat'>1.</span> <span class='ocrx_word' id='word_1_325' title='bbox 708 1872 726 1895; x_wconf 85' lang='lat'>1.</span> <span class='ocrx_word' id='word_1_326' title='bbox 744 1873 850 1903; x_wconf 80' lang='lat' dir='ltr'>Lysias,</span> <span class='ocrx_word' id='word_1_327' title='bbox 870 1877 955 1895; x_wconf 80' lang='lat' dir='ltr'>contra</span> <span class='ocrx_word' id='word_1_328' title='bbox 978 1873 1051 1895; x_wconf 74' lang='lat' dir='ltr'>Erat.</span> <span class='ocrx_word' id='word_1_329' title='bbox 1075 1880 1100 1902; x_wconf 88' lang='lat' dir='ltr'>p.</span> <span class='ocrx_word' id='word_1_330' title='bbox 1126 1880 1176 1902; x_wconf 79' lang='lat'>¹92·</span> <span class='ocrx_word' id='word_1_331' title='bbox 1198 1872 1272 1895; x_wconf 77' lang='lat' dir='ltr'>Plu-t.</span> <span class='ocrx_word' id='word_1_332' title='bbox 1294 1873 1324 1895; x_wconf 74' lang='lat' dir='ltr'>de</span> <span class='ocrx_word' id='word_1_333' title='bbox 1345 1874 1456 1896; x_wconf 79' lang='lat' dir='ltr'>carnium</span> <span class='ocrx_word' id='word_1_334' title='bbox 1477 1882 1535 1901; x_wconf 74' lang='lat' dir='ltr'>esu,</span> 
     </span>
     <span class='ocr_line' id='line_1_34' title="bbox 199 1911 1536 1944; baseline 0.002 -10"><span class='ocrx_word' id='word_1_335' title='bbox 199 1917 215 1935; x_wconf 77' lang='lat' dir='ltr'>t.</span> <span class='ocrx_word' id='word_1_336' title='bbox 233 1912 270 1941; x_wconf 85' lang='lat'>11,</span> <span class='ocrx_word' id='word_1_337' title='bbox 288 1919 312 1942; x_wconf 85' lang='lat' dir='ltr'>p.</span> <span class='ocrx_word' id='word_1_338' title='bbox 329 1912 387 1942; x_wconf 85' lang='lat'><strong>998;</strong></span> <span class='ocrx_word' id='word_1_339' title='bbox 403 1911 480 1940; x_wconf 87' lang='lat' dir='ltr'>idem,</span> <span class='ocrx_word' id='word_1_340' title='bbox 499 1912 529 1934; x_wconf 82' lang='lat' dir='ltr'>de</span> <span class='ocrx_word' id='word_1_341' title='bbox 543 1912 645 1935; x_wconf 81' lang='lat' dir='ltr'>solertia</span> <span class='ocrx_word' id='word_1_342' title='bbox 659 1913 817 1941; x_wconf 84' lang='lat' dir='ltr'>animalium,</span> <span class='ocrx_word' id='word_1_343' title='bbox 830 1921 854 1943; x_wconf 87' lang='lat' dir='ltr'>p.</span> <span class='ocrx_word' id='word_1_344' title='bbox 870 1913 922 1944; x_wconf 80' lang='lat'>429.</span> <span class='ocrx_word' id='word_1_345' title='bbox 940 1912 979 1936; x_wconf 90' lang='lat' dir='ltr'>Cf.</span> <span class='ocrx_word' id='word_1_346' title='bbox 997 1913 1100 1939; x_wconf 76' lang='lat' dir='ltr'>Caesar,</span> <span class='ocrx_word' id='word_1_347' title='bbox 1114 1912 1179 1942; x_wconf 84' lang='lat' dir='ltr'>apud</span> <span class='ocrx_word' id='word_1_348' title='bbox 1198 1912 1300 1936; x_wconf 81' lang='lat' dir='ltr'>Sallust.</span> <span class='ocrx_word' id='word_1_349' title='bbox 1315 1913 1340 1936; x_wconf 85' lang='lat' dir='ltr'>in</span> <span class='ocrx_word' id='word_1_350' title='bbox 1352 1914 1420 1936; x_wconf 84' lang='lat' dir='ltr'>Bello</span> <span class='ocrx_word' id='word_1_351' title='bbox 1435 1915 1536 1937; x_wconf 79' lang='lat' dir='ltr'>catilin.</span> 
     </span>
     <span class='ocr_line' id='line_1_35' title="bbox 197 1951 1537 1984; baseline 0.001 -9"><span class='ocrx_word' id='word_1_352' title='bbox 197 1960 217 1975; x_wconf 77' lang='lat' dir='ltr'>e.</span> <span class='ocrx_word' id='word_1_353' title='bbox 233 1952 271 1975; x_wconf 81' lang='lat'>51.</span> <span class='ocrx_word' id='word_1_354' title='bbox 288 1951 451 1982; x_wconf 66' lang='lat' dir='ltr'>Sycophamae</span> <span class='ocrx_word' id='word_1_355' title='bbox 465 1951 507 1974; x_wconf 81' lang='lat' dir='ltr'>isti</span> <span class='ocrx_word' id='word_1_356' title='bbox 520 1951 594 1974; x_wconf 77' lang='lat' dir='ltr'>fuisse</span> <span class='ocrx_word' id='word_1_357' title='bbox 603 1951 718 1975; x_wconf 76' lang='lat' dir='ltr'>videntur</span> <span class='ocrx_word' id='word_1_358' title='bbox 730 1952 871 1982; x_wconf 76' lang='lat' dir='ltr'>Epigenes,</span> <span class='ocrx_word' id='word_1_359' title='bbox 882 1952 1030 1982; x_wconf 82' lang='lat' dir='ltr'>Diophanes</span> <span class='ocrx_word' id='word_1_360' title='bbox 1042 1956 1066 1976; x_wconf 80' lang='lat' dir='ltr'>et</span> <span class='ocrx_word' id='word_1_361' title='bbox 1080 1952 1228 1983; x_wconf 72' lang='lat' dir='ltr'>Clisthenes,</span> <span class='ocrx_word' id='word_1_362' title='bbox 1245 1960 1305 1984; x_wconf 82' lang='lat' dir='ltr'>quos</span> <span class='ocrx_word' id='word_1_363' title='bbox 1321 1953 1434 1978; x_wconf 81' lang='lat' dir='ltr'>nominat</span> <span class='ocrx_word' id='word_1_364' title='bbox 1443 1955 1537 1984; x_wconf 77' lang='lat' dir='ltr'>Lysias·</span> 
     </span>
     <span class='ocr_line' id='line_1_36' title="bbox 198 1991 948 2023; baseline 0 -8"><span class='ocrx_word' id='word_1_365' title='bbox 198 1991 227 2014; x_wconf 71' lang='lat' dir='ltr'>in.</span> <span class='ocrx_word' id='word_1_366' title='bbox 243 1992 311 2015; x_wconf 82' lang='lat' dir='ltr'>Orat.</span> <span class='ocrx_word' id='word_1_367' title='bbox 330 1992 437 2022; x_wconf 73' lang='lat' dir='ltr'>Apotog.</span> <span class='ocrx_word' id='word_1_368' title='bbox 456 1992 485 2015; x_wconf 81' lang='lat' dir='ltr'>de</span> <span class='ocrx_word' id='word_1_369' title='bbox 498 1992 585 2021; x_wconf 80' lang='lat' dir='ltr'>popul.</span> <span class='ocrx_word' id='word_1_370' title='bbox 603 1993 680 2015; x_wconf 72' lang='lat' dir='ltr'>statas</span> <span class='ocrx_word' id='word_1_371' title='bbox 698 1993 835 2022; x_wconf 75' lang='lat' dir='ltr'>eversione,</span> <span class='ocrx_word' id='word_1_372' title='bbox 853 2000 878 2023; x_wconf 87' lang='lat' dir='ltr'>p.</span> <span class='ocrx_word' id='word_1_373' title='bbox 895 1993 948 2016; x_wconf 79' lang='lat'>430.</span> 
     </span>
    </p>
   </div>
  </div>
 </body>
</html>
