1820 2568
826 229 943 267 (¹3)

214 301 398 342 academiis,
417 302 531 334 scholis
550 301 748 338 instaurem,
767 299 958 341 templisque
976 299 1104 330 refectis
1120 305 1152 330 et
1168 299 1297 340 dotatis,
1317 312 1437 334 novum
1456 302 1548 344 prin-

215 357 356 399 cipatum
369 357 549 399 auspicatus
560 361 618 386 est:
630 347 706 397 qui,
721 353 913 396 provincias,
932 364 1011 396 quas
1028 353 1141 384 divisas
1157 360 1269 386 nactus
1281 361 1343 393 cst,
1359 362 1547 387 mutuorum

215 410 454 442 commodorum
480 408 610 440 vinculo
639 407 823 451 conjunxit,
853 406 977 449 legibus
1008 408 1207 448 emendavit,
1240 409 1380 440 moribus
1409 411 1548 450 ornavit,

215 463 373 495 foederum
390 461 555 492 sanctitate
570 467 602 492 et
618 461 732 503 potiori
754 461 849 491 armis
864 472 942 504 pace
957 467 1079 492 tutatus
1096 469 1158 493 est:
1175 464 1231 505 qui
1247 463 1411 494 industriae
1428 464 1550 503 fontes,

212 517 303 548 bellis
321 516 482 547 diuturnis
502 514 693 554 obstructoS,
711 514 856 554 reclusit,
882 515 995 547 fluvios
1011 527 1067 558 per
1086 517 1210 548 canales
1230 517 1424 561 jungendOS,
1438 525 1548 560 portus

215 569 429 608 excavandos,
455 580 602 612 aggeres,
628 575 737 600 contra
753 569 910 611 impetum
938 570 1049 609 maris,
1075 569 1234 613 jaciendos
1260 578 1316 602 aut
1339 572 1547 614 reparandos,

213 624 278 656 vias
299 623 380 654 saxis
400 622 600 662 sternendas,
627 633 714 653 arces
732 623 765 653 in
787 622 1006 654 defensionem
1026 624 1116 667 regni
1138 624 1347 663 muniendas,
1371 625 1482 656 classes
1497 627 1549 656 in—

213 677 394 716 struendas,
417 676 512 708 urbes
531 676 744 715 exornandas,
767 688 783 707 a
800 683 988 720 recuperato
1004 678 1156 720 imperio,
1177 684 1240 708 lam
1261 677 1393 708 sollicite
1409 679 1547 717 curavit,

213 737 267 770 ut,
288 742 352 762 non
370 732 518 774 princeps
534 742 600 762 rem
612 730 791 773 publicam,
809 730 864 761 sed
879 731 1125 773 pater—familias
1139 743 1228 762 suam
1245 742 1338 773 agere
1356 738 1386 762 et
1402 731 1548 763 ordinare

212 785 299 817 visus
321 786 376 816 sit:
401 786 475 827 qui,
498 797 572 816 cum
597 784 665 815 aliis
689 786 722 815 in
749 784 953 825 regionibus,
981 791 1116 824 cuncta,
1143 786 1232 827 quasi
1253 785 1380 819 turbine
1400 785 1546 828 abrepta,

212 839 246 870 in
268 839 427 869 incertum
448 838 631 877 volvantur,
655 838 719 868 suis
737 843 798 868 stat
816 838 966 868 immotus
988 837 1139 875 consiliis,
1162 838 1243 867 nihil
1263 838 1296 867 in
1320 838 1471 868 institutis
1493 844 1549 869 aut

212 897 317 924 mutat
338 898 395 923 aut
413 893 532 923 mutari
556 892 692 935 patitur,
720 890 865 930 nullum,
888 891 947 921 nisi
967 892 1108 922 criminis
1128 902 1236 931 reum,
1260 891 1362 934 gradu
1384 891 1546 930 deturbat,

215 946 365 986 nullum,
392 946 431 977 de
458 947 558 989 patria
582 945 664 977 hene
686 945 853 984 meritum,
880 946 948 976 sine
978 945 1060 976 dono
1086 945 1237 983 dimittit,
1263 945 1427 983 omnibus,
1457 945 1547 976 nullo

214 999 420 1031 fortunarum
448 998 556 1029 habito
578 998 778 1036 discrimine,
804 997 930 1027 facilem
954 997 995 1027 ad
1022 1009 1054 1028 se
1080 997 1201 1028 aditum
1232 998 1369 1039 praehet,
1402 998 1548 1029 omnibus

214 1064 306 1084 aures
326 1052 542 1083 accommodat
558 1051 815 1092 patientissimas,
838 1060 1014 1092 rerumque
1033 1062 1050 1080 a
1067 1061 1099 1081 se
1117 1056 1294 1092 gestarum,
1311 1061 1353 1081 ne
1370 1051 1447 1093 quid
1466 1051 1549 1082 forte

214 1105 366 1137 memoria
389 1104 531 1142 excidat,
558 1115 614 1134 sua
642 1114 761 1142 manu,
786 1102 919 1146 singulis
945 1103 1079 1143 diebus,
1111 1105 1353 1135 commentarios
1382 1104 1547 1136 describit:

214 1159 271 1202 qui
291 1158 437 1197 tandem,
457 1163 640 1200 postquam,
660 1157 753 1188 sicuti
771 1156 809 1188 de
827 1158 971 1200 Angusto
987 1157 1109 1188 dictum
1131 1164 1191 1197 est,
1211 1163 1257 1188 tot
1273 1164 1304 1188 et
1322 1164 1407 1188 tanta
1423 1159 1549 1201 negotia

214 1212 401 1243 sustinuerit
422 1210 523 1250 solus,
544 1210 643 1241 animi
660 1210 824 1241 recreandi
843 1214 953 1250 causa,
979 1222 996 1241 e
1019 1211 1149 1253 palatio,
1172 1211 1256 1254 quod
1277 1212 1396 1242 civium
1413 1223 1500 1243 amor
1517 1216 1548 1242 et

213 1266 299 1308 regia
320 1264 480 1309 majestas,
505 1276 570 1295 non
595 1263 768 1295 satellitum
797 1275 883 1294 arma
910 1263 1106 1304 defendunt,
1133 1265 1337 1311 incomitatus
1362 1265 1546 1307 egreditur,

214 1321 278 1351 suis
298 1318 531 1350 deambulando
552 1329 584 1349 se
605 1319 777 1357 immiscet,
796 1317 847 1349 vel
867 1319 908 1357 si,
927 1329 1021 1355 casu,
1044 1329 1107 1348 non
1127 1318 1256 1360 indigna
1279 1319 1423 1361 principe
1441 1318 1546 1350 fabula

215 1372 335 1416 agenda
354 1373 408 1412 sit,
432 1372 471 1403 ad
490 1372 651 1403 theatrum
673 1371 809 1415 simplici
829 1383 927 1402 curru
949 1371 1093 1410 vehitur,
1115 1371 1186 1410 ubi,
1206 1373 1310 1402 statim
1332 1378 1427 1414 atque
1448 1384 1548 1415 appa-

214 1433 279 1467 ret,
297 1437 422 1466 omnes,
445 1437 510 1457 non
530 1427 645 1469 emptis
661 1426 807 1468 suffragis
819 1449 827 1465 ,
846 1436 911 1456 non
931 1426 1045 1456 coactis
1065 1425 1360 1465 acclamationibus,
1380 1427 1547 1468 sapientis-

216 1481 333 1512 simum
348 1481 487 1523 Europae
500 1491 609 1523 regem
625 1485 658 1510 et
675 1480 787 1522 patriae
800 1486 923 1523 patrem
941 1480 1197 1520 dilectissimum,
1214 1481 1382 1512 unanimes
1396 1480 1544 1511 salutant.

259 1535 335 1571 Hoec
354 1541 386 1565 et
400 1534 528 1573 similia,
553 1533 610 1565 sed
627 1534 731 1565 multo
752 1534 972 1577 eloquentius,
1000 1534 1090 1565 nullo
1112 1540 1254 1566 vestrum
1271 1545 1335 1564 non
1356 1533 1546 1575 plaudente,

215 1588 424 1629 enervavisset
450 1587 625 1629 Gregorius
653 1599 670 1617 a
692 1594 798 1618 sancto
823 1588 1014 1627 Vincentio,
1044 1593 1076 1618 et
1099 1587 1239 1618 multum
1263 1586 1302 1617 ab
1322 1586 1377 1617 illo
1404 1592 1547 1617 mutatus

218 1641 291 1683 qui,
314 1640 451 1683 religiosi
477 1640 612 1679 ordinis,
639 1640 730 1684 cujus
748 1652 865 1672 nomen
887 1653 950 1672 non
972 1640 1074 1672 audeo
1102 1640 1225 1679 dicere,
1253 1639 1324 1670 albo
1351 1640 1544 1682 inscriptus,

218 1699 325 1736 contra
347 1693 527 1732 Nassovios,
560 1693 655 1732 olim,
686 1700 723 1725 ut
751 1695 921 1726 verisimile
956 1701 1019 1734 est',
1045 1700 1193 1733 steterat,
1224 1693 1366 1725 veritatis
1394 1693 1545 1733 demum,

216 1746 303 1789 apud
322 1758 444 1785 manes,
468 1747 572 1777 factus
592 1747 723 1785 certior,
743 1747 921 1778 ambitiosos
938 1754 970 1779 et
985 1747 1133 1778 mandato
1153 1747 1319 1778 destitutos
1336 1753 1545 1790 praeceptores

217 1811 234 1831 a
257 1799 429 1842 disciplinis
449 1799 628 1831 scholarum
651 1805 683 1830 et
703 1799 743 1831 ab
760 1801 834 1843 ipsis
855 1800 958 1844 Belgii
983 1800 1099 1832 finibus
1124 1801 1224 1832 arceri
1248 1811 1309 1832 nec
1329 1800 1463 1832 miratus
1483 1811 1543 1832 nec

217 1845 401 1896 indignatus
426 1858 515 1884 esset.
