1820 2568
885 169 901 210 (
922 171 964 210 48
988 170 1002 211 )

284 264 303 283 >›
326 254 542 282 anteactarum
576 255 685 277 rerum
708 248 929 283 accusaretur,
959 254 1040 275 neve
1071 241 1317 275 mulctaretur.’'
1343 244 1390 275 Ex
1417 243 1480 287 qua
1507 256 1617 278 omnes

285 301 491 348 jurejurando
511 299 652 332 obstricti
670 304 762 339 sunt,
780 297 1007 329 discordiarum
1029 297 1221 329 oblivionem
1238 298 1306 328 sore
1319 297 1377 340 (1).
1400 297 1419 328 J
1424 297 1616 342 urisjurandi

283 360 340 390 toti
374 355 495 388 civitati
525 353 704 386 communis
734 352 803 383 haec
834 357 902 382 erat
937 350 1094 382 formula:
1131 351 1379 394 »Acceptarum
1416 351 1616 396 injuriarum

282 412 404 444 nemini
427 421 481 441 ero
503 419 645 447 memor,
673 412 886 449 praeterquam
908 404 1008 435 XXX
1033 405 1176 448 tyrannis
1199 411 1231 436 et
1255 405 1301 436 XI
1327 406 1400 436 viris
1426 411 1458 436 et
1485 406 1517 437 X
1542 407 1617 439 viris

281 466 375 498 Piraei
389 464 451 507 (2),
475 472 581 505 neque
601 461 719 492 horum
739 460 881 503 ipsorum
903 459 956 498 iis,
983 459 1007 489 si
1030 459 1087 501 qui
1109 459 1264 490 rationem
1283 460 1416 491 reddere
1434 461 1535 503 parati
1553 461 1616 492 sint

282 531 391 552 rerum
412 530 427 549 a
450 528 481 548 se
504 521 664 559 gestarum
691 513 728 544 iis
750 513 783 543 in
805 511 1054 554 magistratibus,
1079 523 1157 555 qnos
1179 513 1360 545 obierunt.’'
1390 513 1485 552 Quod
1508 513 1547 545 ab
1567 514 1616 546 his

282 585 346 604 non
369 572 464 603 fuisse
490 574 666 606 tentatum,
692 566 815 597 nemini
841 565 934 597 facile
955 566 1073 597 mirum
1103 567 1260 599 videatur.
1292 569 1482 599 Senatorum
1512 568 1617 613 jusju-

281 627 418 659 randum
442 625 484 656 ita
510 634 576 654 sese
600 621 755 653 habebat:
786 620 934 664 »Neque
961 620 1126 652 admittam
1154 622 1310 652 actionem
1336 622 1495 652 sorensem
1521 622 1615 653 titulo

281 681 452 720 ἐνδείξεως,
472 688 578 720 neque
602 675 696 707 titulo
717 675 894 718 ἀπαγωγῆς
914 680 1022 705 contra
1040 674 1196 717 aliquem,
1218 681 1348 717 propter
1363 675 1498 706 antehac
1514 675 1612 715 facta,

281 741 497 779 proetcrquain
522 736 631 762 contra
656 729 821 761 damnatos
847 727 981 758 exsilii.’'
1005 727 1221 770 Jurisjurandi
1240 728 1395 770 deniqne,
1417 740 1432 758 a
1453 728 1614 772 judicibus

280 787 449 832 praestandi
469 786 537 816 haec
566 789 634 814 erat
657 780 812 813 formula:
840 791 858 810 ))
873 779 1070 821 Iniuriarum
1091 790 1153 809 non
1178 790 1232 810 ero
1252 791 1390 819 memor,
1411 792 1518 823 neque
1544 781 1614 822 alii,

279 842 435 874 ultionem
451 837 609 875 hortanti,
632 831 858 876 obtemperabo
874 830 939 873 (3),
959 830 1016 862 sed
1036 830 1216 862 secundum
1236 831 1322 874 leges
1342 834 1529 864 constitutas
1542 844 1617 865 sen—

280 895 412 926 tentiam
447 887 665 934 pronunciabo
687 885 767 929 (4).”
797 903 842 910 ·--
867 886 938 928 Ipso
969 884 1100 928 quidem
1126 885 1288 917 foederum
1320 892 1463 929 tempore
1495 889 1616 919 caeteris

278 947 397 980 Graccis
421 944 631 976 Athenienses
658 940 835 972 stultissimi
857 939 916 971 visi
944 945 1020 970 sunt
1052 945 1085 970 et
1114 939 1345 979 infelicissimi,
1380 946 1487 982 postea
1516 952 1613 982 vero,

277 1007 398 1034 eventu
421 998 606 1041 opinionem
625 995 767 1037 ipsorum
792 992 979 1032 refellente,
1009 993 1137 1024 eosdem
1162 994 1309 1024 omnium
1334 993 1403 1024 fere
1427 995 1616 1027 Graecorum

279 1054 475 1088 felicissimos
500 1048 828 1093 prudentissimosque
853 1045 1039 1090 judicarunt
1055 1045 1124 1088 (5);
1159 1056 1266 1088 neque
1298 1046 1470 1077 immerito.
1510 1059 1529 1078 ))
1545 1048 1617 1079 Suis

278 1109 364 1142 enim
381 1105 471 1138 malis
485 1103 558 1136 satis
569 1102 689 1141 edocti,
705 1099 872 1132 concordia
888 1100 1036 1131 minimas
1050 1110 1100 1130 res
1115 1109 1274 1140 crescere,
1292 1099 1446 1131 discordia
1462 1101 1617 1132 maximas

278 1161 358 1201 labi,
379 1164 560 1200 cunctaque
579 1154 631 1188 vel
651 1153 753 1194 hona,
780 1151 832 1184 vel
853 1153 949 1184 etiam
973 1152 1073 1192 mala,
1097 1163 1169 1195 quae
1189 1153 1267 1184 foris
1287 1159 1461 1197 geruntur,
1481 1154 1616 1185 internis

277 1226 345 1248 esse
372 1213 510 1245 radicata
541 1216 573 1241 et
596 1208 707 1240 emissa
737 1206 920 1250 principiis,
954 1205 1041 1236 domi
1069 1204 1244 1236 abstersere
1268 1205 1338 1236 odia
1371 1212 1404 1237 et
1431 1206 1507 1238 foris
1533 1206 1617 1238 bella

278 1273 480 1315 presserunt:
515 1264 784 1307 reliqueruntque
807 1261 940 1304 posteris
967 1260 1032 1291 suis
1061 1259 1101 1290 de
1129 1258 1223 1290 ruina
1251 1259 1301 1290 sui
1336 1259 1545 1302 exemplum,
1576 1260 1616 1291 de

277 1322 477 1367 reparatione
493 1317 661 1350 consilium
677 1315 755 1358 (6).”
780 1314 914 1346 Utinam
929 1325 1022 1354 vero,
1040 1312 1126 1357 quod
1145 1313 1179 1344 in
1194 1312 1317 1344 afflictis
1333 1312 1428 1344 rebus
1444 1314 1615 1356 sapientis-

278 1378 356 1409 sime
378 1373 622 1412 consuluerant,
645 1370 732 1402 idem
751 1375 784 1401 et
805 1370 840 1400 in
859 1369 1017 1412 prosperis
1041 1366 1166 1399 summa
1187 1367 1286 1398 animi
1309 1366 1485 1398 constantia
1505 1378 1616 1400 serva—

277 1431 407 1463 vissent.
428 1428 501 1460 Non
517 1427 604 1459 enim
620 1436 661 1457 ex
679 1424 793 1456 animis
811 1423 958 1454 laesorum
977 1421 1020 1453 ita
1041 1421 1144 1453 deleta
1162 1420 1226 1452 fuit
1243 1421 1437 1465 injuriarum
1462 1422 1617 1453 memoria

278 1490 311 1517 et
331 1483 458 1522 odium,
489 1481 569 1524 quin
597 1478 732 1511 subinde
755 1478 975 1516 revivisceret,
1005 1481 1037 1507 et
1059 1474 1099 1506 ad
1124 1474 1358 1506 accusationem
1383 1479 1416 1505 et
1438 1475 1618 1517 perniciem

278 1538 356 1571 adeo
371 1534 621 1581 progrederetur
637 1531 871 1575 complurium,
887 1541 963 1561 cum
977 1529 1179 1568 nocentium,
1195 1533 1267 1559 tum
1281 1538 1357 1560 vero
1375 1527 1617 1569 innocentium,

279 1599 317 1625 ut
336 1591 388 1625 vel
407 1602 448 1622 ex
469 1586 645 1620 oratoribus
665 1586 793 1626 Atticis,
815 1584 992 1628 praesertim
1015 1581 1123 1625 Lysia,
1145 1586 1285 1622 constat,
1311 1586 1344 1612 et
1367 1581 1503 1612 Socratis
1521 1593 1617 1623 casu,

277 1649 1607 1665 -.-——-—————-————————-

340 1694 373 1723 (ι)
392 1692 501 1722 ΧειιοΡΙι.
516 1691 534 1715 l.
551 1692 568 1715 1.
584 1693 667 1721 Nepos
684 1691 710 1714 in
733 1690 852 1720 Thrasyb.
867 1698 887 1713 c.
906 1691 929 1713 3.
947 1689 1073 1717 Iustinus,
1088 1688 1107 1710 1.
1123 1687 1142 1710 l·
1161 1699 1189 1704 -—
1211 1685 1326 1716 Ejusdem
1345 1686 1394 1709 sere
1410 1686 1489 1709 aetatis
1510 1691 1618 1710 auctores

279 1734 386 1758 formula
398 1732 430 1763 μ»)
446 1733 601 1763 μνησικακεῖ»
615 1736 735 1761 utuntur,
753 1730 848 1754 serioris
861 1729 908 1753 aevi
924 1729 1051 1759 scriptores
1062 1735 1146 1752 vocem
1158 1725 1278 1758 οἱμνηςίας
1293 1731 1421 1756 usurpant.
1438 1726 1476 1750 Cf.
1490 1728 1616 1755 Muretus,

284 1776 347 1798 Var.
366 1774 436 1796 Lect.
456 1774 492 1800 11,
513 1773 548 1795 15.

341 1814 379 1843 (α)
396 1812 547 1838 Andocides,
569 1812 597 1833 de
616 1812 687 1842 Myst.
705 1819 730 1842 p.
755 1811 798 1840 43,
822 1811 848 1834 iu
871 1818 918 1842 qno
938 1810 990 1833 loco
1010 1808 1150 1832 addendum
1170 1807 1268 1831 videtur
1289 1806 1333 1831 καὶ
1355 1807 1400 1831 τὶἱν
1421 1804 1494 1838 δέκα,
1519 1811 1617 1830 auctore

285 1854 402 1881 Vellem»,
420 1852 525 1875 Emend.
541 1853 564 1880 1,
582 1852 623 1880 33,
642 1859 666 1881 p.
682 1851 719 1873 41.
738 1851 776 1874 Cf.
795 1852 819 1874 J.
842 1851 870 1874 Ο.
887 1851 991 1877 Sluiter,
1012 1857 1036 1872 v.
1053 1849 1085 1872 cl.
1102 1848 1174 1871 Lm.
1186 1847 1299 1873 Antioc„
1319 1854 1343 1877 p.
1364 1847 1415 1869 156.

342 1894 375 1923 (3)
392 1892 531 1923 Legendum
547 1891 612 1914 euim
628 1891 692 1923 ἑλλῳ
710 1889 839 1922 πείσομαι.
862 1890 925 1914 Vide
944 1890 1075 1913 Reiskium
1090 1888 1116 1912 in
1131 1894 1162 1911 nu
1178 1895 1220 1918 77,
1238 1891 1263 1910 et
1280 1887 1431 1914 Sluiterum,
1451 1895 1476 1918 p.
1495 1886 1545 1910 138.

341 1933 374 1963 (4)
391 1933 486 1956 Andoc.
503 1932 533 1954 de
547 1932 638 1961 Mysc„
657 1938 682 1961 p.
700 1931 737 1953 44.

341 1973 381 2003 (5)
397 1975 532 2000 Isocrates,
549 1972 606 1995 adu.
629 1971 731 2000 Gallim,
753 1978 776 2001 p.
795 1970 847 2000 908.
871 1969 909 1993 Cf.
930 1970 1008 1993 Plato
1025 1970 1052 1993 in
1066 1969 1177 1998 Menem,
1195 1974 1220 1998 p.
1239 1967 1292 1998 395.

340 2014 374 2045 (6)
395 2014 510 2043 Orosius,
530 2013 570 2042 11,
590 2019 625 2041 ¹7·
