1820 2568
797 224 915 267 (Π)

189 358 1419 375 WWMWQMMWMWWWWWWWWQQMW
1423 365 1524 377 ufiwssw

598 468 826 511 SECTIO
894 472 1121 512 PRIMA.

164 624 167 626 Ι
193 584 243 612 DE
263 583 326 621 115,
348 582 441 622 QUAE
465 583 630 614 ATHENIS
657 582 910 613 ACCIDERUNT
935 582 1028 612 INDE
1054 586 1103 615 AB
1124 585 1227 616 URBE
1249 586 1375 618 CAPTA
1397 588 1523 628 USQUE

581 643 635 672 AD
663 642 835 673 MORTEM
864 643 1126 673 THERAMENIS.

750 868 891 900 CAPUT
936 870 960 899 Ι.

214 963 277 983 XXX
301 962 365 983 VIR!
389 962 647 983 CONSTITUUNTUR.
678 963 782 984 EORUM
805 963 904 983 PRIMIS
929 963 1115 985 TEMPORIBUS
1139 965 1290 988 SIMULATA
1313 968 1500 990 MODERATIO-

191 1159 250 1217 N
254 1198 295 1218 οΝ
324 1188 368 1218 ita
395 1185 498 1218 multo
522 1192 593 1230 post
617 1197 729 1229 pacem
757 1198 833 1218 cum
871 1187 1118 1220 Lacedaemoniis
1152 1190 1270 1222 factam
1306 1202 1418 1234 graves
1447 1200 1523 1226 ortae

189 1247 264 1273 sunt
285 1241 387 1272 turbae
412 1241 547 1274 Athenis
571 1240 611 1271 de
632 1240 830 1272 restituenda
850 1247 960 1274 vetere
984 1242 1169 1284 reipublicae
1192 1244 1305 1276 forma.
1333 1246 1410 1277 Erat
1436 1249 1524 1279 enim

187 1296 223 1325 in
248 1294 482 1326 conditionibus
506 1295 612 1337 pacis,
645 1295 919 1337 quemadmodum
939 1295 1098 1336 vidimus,
1131 1304 1167 1329 ut
1196 1299 1298 1341 patrio
1323 1311 1412 1332 more
1436 1313 1524 1333 rem-

189 1348 351 1390 publicam
373 1348 632 1379 administrarent
650 1347 715 1390 (1):
746 1348 832 1392 quod
852 1349 1001 1392 quidem,
1024 1361 1099 1382 cum
1120 1351 1173 1382 alii
1197 1352 1290 1384 aliter
1309 1354 1520 1397 explicarent,

188 1402 311 1444 aliquot
331 1402 416 1433 inter
434 1413 468 1433 se
488 1401 555 1432 dies
575 1401 805 1443 disceptarunt.
833 1402 899 1441 Qui
919 1413 1096 1444 paucorum
1116 1404 1289 1447 cupiebant
1306 1407 1520 1449 dominatum,

189 1455 354 1497 antiquam
378 1456 561 1498 avitamque
579 1455 765 1498 reipublicae
788 1455 1045 1488 administrandae
1067 1458 1223 1489 rationem
1248 1470 1319 1491 eam
1347 1471 1412 1492 esse
1433 1462 1522 1493 dice-

188 1508 283 1548 bant,
311 1519 383 1551 quae
403 1515 477 1540 ante
496 1508 644 1540 Solonem
666 1510 832 1552 viguisset,
852 1509 1076 1553 oligarchicam
1099 1512 1233 1544 scilicet:
1254 1514 1424 1556 populares
1443 1527 1522 1546 con—

191 1567 239 1592 tra
255 1572 292 1592 ea
308 1562 540 1605 rempublicam
556 1563 595 1593 ad
610 1563 746 1594 formam
759 1587 768 1603 ,
789 1575 807 1594 a
825 1563 940 1594 Solone
961 1565 1166 1596 constitutam
1178 1590 1186 1606 ,
1207 1572 1240 1597 et
1260 1578 1388 1609 prorsus
1409 1568 1521 1600 demo-

191 1615 356 1654 craticam,
377 1615 588 1648 revocandam
608 1626 673 1646 esse
694 1615 939 1646 contendebant.
964 1616 1014 1647 Illi
1030 1617 1159 1649 tandem
1178 1620 1342 1659 vicerunt,
1359 1622 1520 1664 Lysandro

188 1668 223 1698 in
245 1668 401 1699 auxilium
424 1669 595 1708 advocato,
626 1670 698 1712 qui,
727 1671 880 1701 concione
905 1676 1074 1703 convocata
1089 1695 1098 1710 ,
1133 1671 1381 1704 Atheniensibus
1409 1682 1520 1706 auctor

189 1721 269 1759 fuit,
295 1727 333 1752 ut
352 1722 453 1752 XXX
474 1722 630 1764 eligerent
651 1723 748 1762 viros,
770 1723 826 1765 qui
847 1723 1078 1766 rempublicam
1095 1724 1328 1767 gubernarent,
1348 1728 1519 1770 omniaque

187 1774 222 1804 in
245 1773 325 1805 urbe
349 1774 616 1806 administrarent.
643 1775 703 1806 Cui
727 1787 829 1818 quum
858 1777 1098 1809 contradixisset
1124 1779 1360 1817 Theramenes,
1393 1781 1520 1813 formu—

249 1884 282 1913 (1)
299 1885 376 1906 Diod.
394 1884 465 1908 X1V.
483 1886 505 1907 3.
522 1886 564 1916 qui
581 1886 672 1916 Ephori
689 1894 715 1909 ac
734 1887 884 1917 Theopompi
903 1887 997 1911 vicibus
1013 1888 1136 1919 fungitur,
1156 1889 1257 1920 ideoque
1272 1891 1317 1914 hoc
1333 1892 1398 1920 loco,
1426 1896 1518 1915 tacente

188 1924 237 1947 sere
261 1924 420 1954 Xenophonte
440 1925 468 1947 de
493 1925 538 1948 hae
559 1923 704 1956 reipublicae
733 1927 936 1954 commutatione,
961 1928 1095 1958 sequendus
1117 1933 1160 1951 est.
1186 1929 1222 1952 De
1245 1931 1376 1960 Lysandro
1399 1932 1519 1956 consentit

188 1964 294 1994 Lysias,
317 1971 341 1993 p.
357 1971 412 1994 ²¹93
435 1964 464 1987 de
486 1964 636 1988 Theramene
655 1966 679 1988 iu
698 1966 805 1988 diversas
826 1967 877 1989 abit
894 1971 985 1996 partes,
1005 1967 1046 1990 sed
1065 1975 1115 1990 non
1136 1968 1272 1992 audiendus
1292 1971 1402 1999 videtur,
1429 1972 1518 2002 quippe

190 2011 203 2023 »
218 2003 260 2033 qui
278 2003 328 2025 odii
347 2011 440 2026 caussas
458 2004 543 2034 procul
559 2012 609 2027 non
629 2005 740 2035 habuit¹⁷‚
764 2012 876 2030 monente
903 2008 1070 2038 Wesselingio
1088 2009 1118 2031 ad
1138 2010 1216 2033 Diod.
1235 2011 1252 2033 1.
1267 2019 1287 2033 c.
1303 2011 1340 2034 Cf.
1361 2012 1515 2040 Schaeitner,

191 2042 221 2065 V.
241 2043 271 2065 D.
288 2051 312 2073 p.
328 2044 369 2072 55,
387 2051 452 2075 seqq.
