1763 2511
771 142 889 184 (2¹)

775 244 867 286 ge.

157 337 290 368 Proeter
304 336 513 367 intuitionem
527 344 567 364 ac
582 332 894 363 demonstrationem
915 332 1011 362 nulla
1028 332 1175 375 intelligi
1184 337 1299 374 potest
1318 332 1492 363 certitudo.

204 429 481 473 Quemadmodum
504 438 613 458 rerum
643 439 728 458 mere
748 428 1001 471 intelligibilium
1027 429 1201 469 certitudo,
1228 435 1358 472 propter
1381 440 1494 460 neces—

160 488 281 518 sitatem
304 494 375 525 quae
396 481 458 512 illis
478 481 576 521 inest,
609 479 648 510 ad
671 492 798 511 omnem
820 481 965 513 idearum
986 490 1083 525 atque
1104 484 1354 526 propositionum
1375 494 1495 514 conve—

159 538 310 571 nientiam
334 546 366 566 se
390 533 552 574 extendit,
579 534 621 564 ita
644 544 683 565 ex
705 534 855 574 adverSO,
880 547 980 578 quum
1005 548 1114 567 rerum
1136 536 1381 569 observabilium
1405 535 1494 567 nulla

157 593 197 624 sit
218 589 402 627 necessitas,
425 587 583 619 certitudo
603 599 675 630 quae
696 599 735 618 ex
756 599 867 619 earum
888 590 1094 631 perceptione
1117 589 1233 620 actuali
1255 590 1376 629 oritur,
1396 589 1494 632 hujus

155 643 254 686 ipsius
275 642 488 685 perceptionis
510 641 626 672 limites
645 652 710 671 non
729 641 872 681 excedit,
898 642 941 672 ita
963 648 1000 672 ut
1018 647 1134 685 praeter
1155 643 1360 673 intuitionem
1381 654 1416 672 ac
1433 642 1495 672 de>—

154 697 416 728 monstrationem
438 694 528 725 nulla
554 694 712 725 certitudo
734 695 831 736 possit
852 695 998 737 intelligi.

199 749 282 789 Sed,
311 749 395 779 dicet
420 748 553 791 aliquis,
579 748 734 790 quidnam
756 749 818 778 erit
842 748 1015 779 dicendum
1040 748 1080 779 de
1098 748 1152 779 illa
1175 748 1368 780 certitudine
1397 759 1493 791 quam

155 802 326 846 aliquando
354 814 392 833 ex
420 802 556 833 aliorum
584 802 772 832 testimoniis
798 802 992 843 percipimus
1023 803 1106 832 circa
1134 802 1257 833 factum
1289 801 1374 844 quod
1405 800 1494 832 nobis

154 855 366 900 praesentibus
386 861 510 898 gestum
533 866 598 885 non
620 854 689 885 est‘?
708 854 740 885 Si
762 854 898 886 velimus
919 855 1008 886 nobis
1030 861 1191 895 constare,
1214 855 1366 886 debemus
1383 855 1494 893 fateri,

155 909 242 953 quod
256 909 307 940 illa
327 908 485 940 certitudo
500 919 611 940 revera
626 907 749 939 nullam
766 908 992 940 certitudinem
1008 909 1041 939 in
1054 920 1086 940 se
1099 909 1271 940 contineat.
1293 908 1374 939 Nam
1391 920 1494 951 quum

155 973 250 994 omne
274 963 396 993 factum
420 962 460 992 sit
484 973 572 993 mere
592 962 796 1004 contingens,
825 967 856 992 et
877 973 977 1004 quum
1003 962 1071 992 sine
1092 961 1157 992 ulla
1178 961 1390 1004 repugnantia
1415 972 1495 1003 sup-

153 1017 229 1060 poni
244 1017 356 1059 possit,
373 1015 454 1046 illud
465 1015 587 1046 factum
602 1027 667 1046 non
679 1016 848 1054 exstitisse,
867 1015 906 1045 de
926 1026 990 1057 quo
1007 1015 1096 1045 nobis
1113 1015 1269 1054 refertur,
1286 1014 1494 1045 manifestum

154 1075 215 1109 est,
237 1069 325 1100 illam
340 1068 581 1108 certitudinem,
598 1069 623 1099 si
635 1069 730 1107 adsit,
752 1070 835 1099 intra
851 1068 978 1099 illarum
995 1079 1169 1100 numerum
1190 1079 1255 1099 esse
1274 1068 1492 1108 referendam,

153 1135 225 1167 quae
249 1123 463 1166 perceptionis
489 1122 620 1154 actualis
643 1122 759 1153 limites
784 1134 849 1153 non
875 1122 1046 1153 excedunt.
1080 1122 1152 1152 Jam
1179 1133 1270 1160 vero,
1299 1133 1402 1164 quum
1429 1121 1493 1152 duo

152 1183 247 1207 testes
273 1177 360 1207 omni
381 1177 569 1218 exceptione
592 1175 726 1219 majores
750 1176 839 1206 nobis
861 1176 900 1206 de
920 1176 1004 1206 sacto
1030 1175 1136 1218 aliquo
1153 1181 1325 1214 testantur,
1352 1174 1438 1217 quod
1460 1185 1493 1205 se

152 1231 217 1261 suis
234 1229 334 1261 oculis
354 1229 468 1261 vidisse
483 1230 689 1272 profitentur,
721 1229 800 1271 quid
819 1230 1025 1271 perceptione
1043 1228 1160 1259 actuali
1181 1227 1422 1270 cognoscimus?
1442 1227 1494 1258 An

152 1284 259 1327 ipsum
277 1282 423 1314 factum?
448 1283 600 1322 Minime,
623 1282 677 1313 sed
696 1282 854 1313 duntaxat
874 1283 1092 1313 testimonium
1113 1292 1225 1312 eorum
1247 1293 1263 1311 a
1283 1280 1399 1323 quibus
1416 1281 1494 1311 facti

154 1337 321 1367 existentia
349 1335 535 1366 affirmatur.
568 1335 678 1373 Quum
706 1341 814 1366 tamen
841 1336 926 1366 inter
952 1335 1170 1366 testimonium
1197 1340 1229 1365 et
1258 1334 1382 1364 factum
1407 1333 1494 1376 quod

152 1389 297 1421 testando
318 1388 508 1428 affirmatur,
529 1388 619 1419 nul'la
636 1389 791 1419 connexio
811 1389 972 1420 rationalis
988 1389 1178 1427 intercedat,
1202 1399 1265 1431 qua
1281 1388 1437 1430 posterius
1452 1399 1493 1418 ex

151 1443 251 1486 priori
268 1442 409 1484 pendere
425 1447 457 1472 et
469 1442 619 1483 consequi
640 1441 802 1481 videatur,
824 1441 998 1473 dicendum
1017 1448 1077 1481 est,
1097 1453 1136 1472 ex
1158 1441 1293 1472 aliorum
1311 1441 1491 1471 testimonio

153 1507 261 1528 veram
285 1495 425 1538 aliquam
452 1494 678 1526 certitudinem
700 1506 868 1538 nunquam
893 1507 983 1538 posse
1008 1496 1102 1534 oriri,
1132 1495 1206 1537 quia
1230 1494 1409 1524 testimonio
1434 1505 1491 1525 suo

152 1561 321 1593 nunquam
341 1549 455 1592 aliquis
476 1548 607 1588 efficiet,
628 1555 667 1580 ut
685 1549 717 1580 id
738 1549 824 1591 quod
842 1549 931 1580 nobis
948 1560 1013 1580 non
1032 1547 1215 1581 videntibus
1236 1553 1343 1578 actum
1360 1552 1420 1586 est,
1441 1547 1491 1578 vel

152 1602 312 1642 sensibus,
340 1603 392 1635 vel
417 1603 617 1633 conscientiae
641 1608 757 1634 nostrae
786 1602 995 1646 subjiciatur,
1026 1601 1077 1635 vel
1101 1601 1165 1632 sola
1191 1601 1320 1632 rationis
1346 1601 1377 1634 vi
1401 1600 1491 1632 nobis

152 1657 330 1688 innotescat
348 1656 406 1699 (1).

198 1760 231 1789 (1)
248 1759 337 1788 Quand
358 1763 428 1781 notre
444 1758 518 1788 esprit
538 1759 608 1788 opere
626 1766 667 1781 sur
685 1767 721 1782 ses
735 1767 834 1790 propi-es
853 1759 931 1788 idries,
954 1767 985 1782 ou
1005 1767 1050 1790 que
1070 1765 1132 1781 nous
1151 1757 1261 1780 formons
1279 1762 1348 1780 notre
1366 1758 1490 1788 jugement

152 1798 244 1829 d'apres
261 1806 305 1821 nos
321 1798 455 1821 sensations
472 1798 573 1826 memes,
591 1798 615 1820 la
631 1798 708 1821 ve'rite'
726 1799 768 1829 qui
782 1807 860 1829 presse
873 1804 943 1822 notre
959 1800 1024 1827 ame,
1038 1806 1099 1828 pour
1116 1798 1179 1820 ainsi
1197 1798 1263 1825 dire,
1281 1805 1325 1827 par
1343 1805 1376 1819 un
1393 1801 1490 1820 contact

151 1838 293 1866 immediat,
314 1838 414 1868 produit
432 1846 479 1861 une
495 1838 635 1860 convictiou
657 1839 816 1870 presqu'e'gale
836 1840 893 1862 chez
912 1844 965 1862 tous
980 1840 1014 1862 les
1029 1839 1146 1861 hommes.
1168 1838 1230 1861 Mais
1246 1838 1342 1868 lorsque
1358 1837 1489 1860 Pe'videme

152 1879 181 1902 de
200 1879 391 1902 l⁷entendemeut
411 1886 441 1901 ou
463 1878 488 1901 Ia
510 1878 628 1901 certitude
649 1878 689 1901 des
709 1886 763 1902 sens
786 1887 847 1902 nous
867 1883 1018 1910 mauqueut‚
1039 1879 1123 1909 lorque
1145 1885 1206 1900 nous
1230 1885 1332 1900 summes
1354 1877 1489 1900 contraints

151 1918 236 1942 d’aller
252 1919 361 1942 mendier
380 1927 425 1941 nos
439 1918 622 1941 connaissances
637 1918 694 1941 chez
712 1918 816 1942 d’autres
831 1927 876 1950 que
892 1919 1067 1945 nous-memes,
1085 1922 1108 1941 et
1121 1917 1149 1940 de
1165 1925 1288 1948 composer
1304 1925 1348 1940 nos
1365 1918 1487 1948 jugemens

150 1957 230 1988 parmi
246 1958 281 1981 les
303 1958 465 1989 te'moi'gnages
481 1959 602 1989 dtrangers
617 1958 659 1981 des
675 1958 797 1988 hommes,
818 1958 836 1982 il
851 1959 895 1990 n'y
908 1966 923 1982 a
934 1959 990 1988 plus
1002 1958 1055 1982 rien
1074 1957 1102 1981 de
1118 1956 1210 1981 certain
1228 1961 1251 1980 et
1271 1957 1300 1979 de
1323 1963 1445 1979 commun.
1457 1968 1489 1973 —

150 1998 257 2026 Ser-van,
276 2003 291 2022 t.
309 2006 336 2026 ι,
354 2006 378 2030 p.
397 1999 435 2022 55.
