1763 2511
771 193 788 234 (
811 194 846 224 3¹
873 195 889 236 )

169 259 323 300 expositas
338 271 403 291 non
414 246 545 293 “tantam
567 262 794 305 probabilitatis
816 267 881 297 vim
906 269 940 299 in
958 280 990 300 se
1010 274 1150 305 continet
1172 276 1229 319 (1).
1267 279 1361 317 Quod
1388 289 1494 316 autem

167 311 223 342 ista
241 312 384 354 probatio
404 325 570 357 nunquam
593 327 675 347 verae
695 322 728 347 et
745 320 873 361 proprie
893 320 983 354 dictae
1003 327 1202 360 certitudinis
1222 332 1286 362 vim
1306 340 1338 364 et
1358 338 1495 368 necessi—

168 369 265 396 tatem
286 367 434 409 attingat,
454 379 517 397 non
537 373 583 398 est
599 368 685 410 quod
701 377 883 412 moneatur,
903 377 976 416 quia
997 378 1030 409 id
1045 379 1108 423 jam
1129 383 1231 415 fusius
1247 397 1340 429 supra
1359 388 1494 422 demon-

212 471 358 502 Ceterum
374 471 428 502 illa
441 479 587 505 veterum
604 475 910 512 Jurisconsultorum
927 482 1037 516 divisio
1056 488 1089 518 in
1104 490 1322 531 probationem
1330 496 1487 535 plenam,

165 524 396 564 semiplenam,
430 531 464 556 et
490 528 674 569 semiplene
704 532 862 573 majorem
873 558 885 571 ,
921 539 1106 579 semiplene}
1137 544 1310 583 minorem,
1346 551 1490 590 quamvis

163 575 270 606 nimiae
286 575 468 609 subtilitatis
488 581 601 612 merito
619 583 716 625 possit
731 587 838 627 argui,
856 593 962 620 tamen
980 602 1044 622 non
1061 593 1104 624 ita
1126 601 1172 625 est
1192 596 1377 640 rejicienda,
1399 604 1487 644 quasi

161 628 233 658 istos
248 630 363 671 gradus
380 632 572 674 probationis
590 642 704 668 natura
726 649 791 669 non
806 642 938 683 recipiat
953 642 1046 684 (nam
1062 646 1247 680 innumeros
1266 653 1410 695 recipit),
1432 656 1486 687 sed

159 691 196 711 eo
218 681 395 715 damnanda
419 692 480 726 est,
504 688 590 729 quod
605 691 699 721 variis
719 692 912 734 probationis
933 698 1082 739 gradibus
1099 702 1200 733 varios
1218 704 1349 736 effectus
1367 707 1485 740 odiosos

157 734 354 777 tribuebant,
376 750 449 770 cum
471 746 578 772 tamen
595 742 659 785 juri
679 746 818 777 maxime
840 749 878 778 sit
896 752 1107 792 contrarium,
1129 755 1232 787 civem
1247 757 1353 800 aliquo
1370 759 1484 792 damno

157 786 251 830 legali
270 790 394 823 afficere
402 816 410 832 ‚
434 794 589 835 quamdiu
610 796 649 827 de
670 796 738 841 ejus
758 799 875 832 delicto
899 802 1033 835 dubium
1051 807 1123 837 satis
1145 809 1307 850 probabile
1328 820 1482 855 superest.

768 912 791 954 g
825 914 877 953 14.

487 1004 543 1035 De
561 1007 759 1046 probatione
782 1016 815 1040 et
837 1012 877 1042 cle
900 1015 1141 1054 reprobatione.

196 1093 308 1132 Quum
330 1097 556 1131 certitudinem
584 1103 735 1134 moralem
761 1116 928 1149 nunquam
957 1121 993 1140 ea
1019 1119 1170 1154 sequatur
1198 1115 1377 1157 evidentia,
1408 1130 1479 1161 quae

149 1156 207 1187 per
226 1158 259 1178 se
279 1159 406 1181 omnem
429 1155 578 1185 contrarii
598 1156 837 1198 possibilitatem
858 1161 1022 1203 excludat,
1043 1165 1067 1195 si
1090 1166 1165 1197 velit
1188 1167 1286 1211 judex
1314 1171 1478 1214 integrum

147 1198 224 1230 facti
247 1200 407 1244 judicium
431 1207 615 1247 instituere,
642 1210 768 1242 debebit
798 1215 903 1244 onmia
928 1216 1155 1257 probabilitatis
1174 1229 1334 1253 momenta
1356 1225 1477 1255 exami—

146 1263 243 1293 nare,
275 1261 307 1285 et
329 1256 436 1288 videre
457 1266 615 1300 quatenus
641 1273 715 1294 cum
737 1265 822 1297 facto
845 1271 1003 1310 proposito
1023 1274 1214 1305 conveniant
1233 1275 1283 1306 vel
1305 1270 1476 1309 adversen-

146 1312 219 1347 tur3
247 1314 279 1339 et
301 1309 343 1349 si,
375 1312 521 1344 omnibus
548 1316 724 1348 rationibus
748 1319 787 1350 ab
811 1327 948 1364 utraque
973 1330 1062 1365 parte
1092 1325 1147 1357 diu
1174 1334 1205 1358 et
1228 1330 1288 1359 rite
1314 1333 1476 1372 perpensis

144 1359 321 1402 invenerit,
334 1374 404 1394 eam
423 1376 491 1396 rem
506 1366 545 1398 de
566 1369 627 1410 qua
644 1371 766 1412 agitur,
787 1373 864 1405 adeo
879 1386 944 1407 esse
962 1377 1155 1419 probabilem
1166 1405 1173 1419 ,
1195 1387 1231 1412 ut
1242 1382 1287 1413 illi
1300 1394 1363 1414 non
1379 1386 1474 1426 possit

140 1433 1341 1462 Ἣ

188 1473 222 1501 (1)
238 1473 369 1497 Matthaeus
384 1483 404 1498 c.
423 1484 448 1505 ι,
465 1477 477 1506 §
492 1479 505 1500 5
521 1478 571 1501 ait:
590 1488 603 1501 >1
615 1480 710 1504 Divisio
727 1483 770 1506 illa
784 1485 935 1514 probationis
951 1488 977 1510 in
988 1490 1088 1518 plenam
1102 1496 1125 1514 et
1140 1493 1297 1522 semiplenam
1315 1496 1383 1518 nullo
1400 1498 1471 1520 modo

142 1518 156 1532 n
172 1511 273 1535 ferenda
290 1518 332 1536 est.
353 1514 456 1539 Probare
472 1517 537 1540 enim
556 1523 591 1541 est
606 1519 677 1543 fidem
696 1522 773 1550 judici
791 1524 884 1553 facere3
905 1534 954 1550 non
972 1528 1032 1551 facit
1050 1535 1130 1553 autem
1149 1531 1238 1561 fidem,
1260 1534 1317 1564 qui,
1339 1540 1366 1557 ut
1382 1536 1419 1559 illi
1435 1537 1471 1559 lo—

141 1558 155 1572 »
171 1557 293 1582 quuntur‚
314 1556 446 1584 semiplene
464 1557 557 1586 probat.
586 1559 726 1590 Suspicione
743 1564 840 1594 quidem
857 1567 967 1590 animum
985 1570 1073 1598 judicis
1090 1571 1196 1595 imbuere
1216 1578 1309 1603 potest:
1330 1576 1470 1605 persuadere

140 1599 154 1613 ι»
170 1592 240 1615 nullo
255 1594 327 1616 modo
345 1597 449 1624 potest.”
465 1597 510 1620 Per
525 1598 576 1622 haec
592 1601 664 1623 verba
683 1602 813 1627 Matthaeus
827 1606 891 1628 nihil
906 1608 973 1631 aliud
988 1610 1033 1632 sibi
1052 1611 1131 1634 voluit
1147 1620 1219 1642 quam
1238 1615 1394 1644 semiplenam
1416 1624 1469 1646 pro-

140 1631 263 1655 bationem
279 1634 309 1656 ad
328 1635 540 1660 condemnandum
559 1646 626 1662 reum
644 1648 768 1672 uunquam
790 1644 908 1674 sufficere3
930 1655 979 1670 nou
996 1656 1065 1678 vero,
1086 1655 1113 1672 ut
1131 1650 1193 1674 sorte
1212 1652 1300 1683 aliquis
1317 1654 1342 1676 in
1359 1655 1468 1679 animum

139 1671 186 1694 sibi
207 1678 286 1703 posset
309 1674 434 1704 iuducere,
462 1678 630 1707 probationem
657 1682 814 1712 semiplenam
834 1685 860 1708 in
880 1694 958 1710 rerum
977 1690 1064 1712 natura
1082 1698 1179 1720 prorsus
1196 1700 1245 1715 nou
1266 1693 1374 1717 existere.
1400 1696 1467 1718 Idem

138 1712 204 1735 enim
221 1714 351 1737 Matthaeus
368 1716 433 1740 iufra
451 1725 558 1748 expresse
575 1720 635 1744 dicit
648 1722 682 1751 (c.
696 1723 725 1752 8,
740 1724 752 1753 §
766 1725 797 1754 3)
813 1735 818 1748 :
834 1727 998 1751 imtocentiam
1007 1737 1056 1759 pel·
1068 1732 1203 1760 quamlibet
1214 1734 1371 1763 semcjplenam
1379 1735 1468 1764 pmba-

138 1753 228 1776 tionem
244 1755 355 1783 probari.

167 1792 201 1815 Le
216 1798 268 1816 mot
284 1794 312 1816 de
327 1803 416 1824 preuve
434 1804 447 1819 a
463 1798 564 1828 quelque
580 1799 648 1823 chose
664 1801 692 1824 de
708 1806 842 1833 trompeur;
862 1805 879 1827 il
894 1807 982 1830 semble
999 1816 1044 1838 que
1062 1808 1085 1831 la
1105 1810 1174 1833 chose
1191 1813 1263 1842 qn'on
1280 1814 1373 1843 appelle
1389 1815 1466 1846 ainsi,

137 1831 172 1855 ait
191 1840 239 1855 une
258 1833 323 1857 force
342 1835 464 1859 suffisante
482 1846 543 1867 pour
558 1839 703 1865 determinet
721 1843 746 1866 la
765 1845 878 1874 cre'auce;
899 1847 963 1869 mais.
978 1855 1011 1871 on
1027 1856 1057 1871 ne
1080 1849 1133 1872 doit
1150 1852 1264 1875 entendre
1286 1860 1329 1883 par
1352 1855 1375 1877 la
1391 1857 1464 1886 qu'un

137 1878 227 1902 moyen
242 1873 302 1896 dont
316 1882 346 1896 on
361 1883 383 1898 se
401 1881 447 1899 sert
461 1885 521 1907 pour
535 1879 622 1903 etablir
638 1881 662 1904 la
681 1883 756 1906 ve'rite
774 1884 830 1907 d'un
846 1885 904 1915 snit,
925 1895 1015 1918 moyen
1031 1888 1072 1919 qui
1091 1895 1148 1919 peut
1162 1891 1210 1913 ἐπε
1230 1892 1278 1915 bon
1293 1901 1323 1915 ou
1339 1896 1461 1923 msuvais,

136 1912 241 1942 complet
257 1921 287 1936 ou
305 1914 443 1946 incomplet.
461 1918 582 1942 Bentham
594 1920 611 1943 l.
628 1929 636 1943 1
647 1939 653 1950 ,
672 1923 710 1945 ch.
729 1924 751 1946 6.
768 1925 807 1947 Cf.
824 1925 935 1950 doctrina
954 1928 1015 1957 juris
1031 1929 1099 1952 crim.
1119 1930 1197 1953 Haus.
1215 1932 1227 1961 §
1244 1933 1287 1962 569
1307 1933 1347 1956 ubi
1364 1939 1462 1957 notatur

135 1951 223 1976 Merliu
241 1954 284 1984 qui
301 1954 328 1978 iu
344 1955 484 1986 Re'pertoire
502 1965 529 1982 νο
547 1959 650 1990 Preuve,
678 1967 734 1986 sect.
748 1964 780 1990 5,
798 1971 827 1987 n⁰
846 1966 872 1994 4,
893 1967 1061 1996 probationem
1080 1976 1130 1992 nou
1148 1971 1224 2002 magis
1242 1979 1315 2002 quam
1334 1973 1459 1996 veritatem

134 1990 212 2021 ipsam
228 1993 255 2016 iu
271 1994 368 2025 plenam
385 2001 410 2019 et.
424 1997 505 2021 miuus
523 1999 619 2029 plenam
633 2001 712 2026 dividi
724 2011 793 2034 posse
808 2006 944 2030 contendit.
