1763 2511
844 149 860 190 (
886 149 924 181 ¹6
946 148 962 191 )

239 230 335 260 Recte
369 231 522 269 praeterea
553 223 696 267 loquitur
721 221 760 254 de
789 222 891 265 prima
922 221 1158 265 gymnasiorum
1182 219 1269 264 apud
1292 220 1418 252 Graecos
1441 222 1564 264 origine

240 290 416 323 eorumque
437 279 568 322 pristino
588 288 660 309 usu.
677 275 821 308 Verbum
841 281 950 306 autem
966 274 1114 317 garrire,
1138 273 1224 316 quod
1244 273 1283 304 de
1302 273 1565 317 philosophorum

239 332 503 377 disputationibus
529 336 680 373 usurpat,
710 329 822 360 durius
845 327 993 366 videtur,
1027 327 1223 370 minimeque
1251 327 1402 359 convenit
1429 328 1563 371 egregiis

236 387 298 418 illis
322 384 535 423 sermonibus,
561 394 640 426 quos
665 381 781 414 veteris
802 380 935 412 Graeciae
960 379 1156 423 philosophi,
1181 385 1219 411 ut
1241 380 1397 420 Socrates,
1420 380 1511 412 Plato
1532 387 1564 412 et

237 439 399 471 innumeri
424 437 477 468 alii
502 436 547 468 ibi
567 446 732 467 conserere
755 434 838 466 soliti
864 434 1004 465 fuerant.
1532 428 1536 430 ’

280 492 429 522 Extrema
453 489 580 532 egregie
607 488 731 519 faciunt
757 487 795 518 ad
820 486 1012 518 hilaritatem
1036 492 1083 527 et,
1105 492 1143 518 ut
1168 486 1211 517 ita
1236 486 1360 526 dicam,
1388 486 1566 530 juvenilem

237 546 421 576 Graecorum
445 542 607 574 levitatem
627 540 833 584 probandam.
854 540 926 572 Non
949 541 1048 583 igitur
1067 540 1346 584 degeneraverunt
1366 540 1406 571 ab
1426 541 1566 583 antiquis

238 598 372 636 Graecis,
399 596 469 639 qui,
490 606 565 626 cum
591 593 768 624 Alcibiades
790 594 824 624 in
845 594 996 624 concione
1022 593 1116 625 verba
1142 593 1277 633 faceret,
1307 594 1505 624 coturnicem
1531 593 1565 624 in

237 652 310 682 sinu
334 660 462 693 gerens,
483 649 573 691 isque
594 647 761 686 avolasset,
783 652 916 689 repente
938 647 1046 678 cuncti
1066 648 1099 678 in
1122 646 1226 678 media
1250 647 1390 677 oratione
1414 657 1566 678 surrexe-

237 710 315 736 runt
333 703 373 734 ad
394 713 485 735 avem
508 699 770 744 prehendendam
790 699 934 740 (Narrat.
951 699 1037 730 Plut.
1054 700 1086 729 in
1104 699 1265 730 Alcibiade
1282 710 1351 741 cap.
1375 701 1450 742 10).
1477 699 1566 731 Talia

238 767 404 798 nunquam
417 754 564 796 gravibus
575 753 636 782 illis
647 752 796 782 Romanis
811 751 937 792 placere
953 757 1147 792 potuerunt,
1166 751 1303 793 ideoque
1319 751 1460 782 Romano
1477 763 1565 784 more

237 822 255 840 a
278 808 386 839 Crasso
410 805 612 840 deridentur,
633 809 665 834 et
689 803 818 834 fortasse
838 803 932 833 etiam
949 804 1043 835 nimis
1066 814 1178 835 eorum
1198 809 1335 846 augetur
1354 804 1476 837 levitas.

759 895 832 927 cip.
858 896 898 927 13
923 907 959 927 ET
983 895 1036 934 14.

238 974 383 1006 Minime
408 972 545 1007 mirum,
579 969 690 1012 inquit
710 969 910 1005 Antonius,
942 969 974 999 si
1001 969 1070 999 ista
1094 979 1145 999 res
1168 968 1278 999 adhuc
1309 973 1424 999 nostra
1449 969 1569 1012 lingua

283 1027 457 1058 illustrata
480 1035 545 1055 non
567 1029 618 1054 est
639 1040 683 1046 —
705 1033 863 1064 magnam
887 1022 1111 1063 eloquentiam
1136 1022 1183 1052 ad
1204 1021 1415 1053 scribendum
1432 1026 1526 1053 attu-

581 1077 644 1112 lit,
675 1075 738 1106 secl
759 1075 890 1105 nullam
918 1085 1015 1105 nsum
1032 1073 1217 1116 forensem.

283 1159 437 1191 Classicus
452 1158 487 1189 in
504 1157 615 1200 primis
629 1156 718 1187 locus
737 1155 776 1186 de
792 1155 948 1186 historicis
968 1155 1088 1187 Graecis
1107 1156 1235 1198 optimae
1254 1156 1368 1199 frugis.
1395 1156 1462 1196 Qui
1482 1157 1570 1188 enim

238 1219 308 1257 post
329 1213 513 1243 Ciceronem
529 1211 698 1249 vixerunt,
716 1208 779 1252 jam
800 1208 1016 1252 aliquantum,
1030 1208 1055 1239 si
1069 1219 1173 1240 unum
1189 1209 1327 1251 excipias
1341 1209 1569 1249 Plutarchum,

239 1278 257 1297 a
282 1266 413 1309 pristina
436 1264 492 1295 illa
519 1263 676 1306 elegantia
702 1268 734 1293 et
760 1272 836 1294 vero
859 1273 958 1293 succu
985 1261 1194 1293 desciverant.
1236 1261 1376 1293 Summis
1401 1261 1571 1304 plerosque

239 1319 387 1351 laudibus
407 1318 499 1350 effert
516 1317 625 1349 Cicero
638 1341 646 1357 ‚
668 1322 701 1348 et
723 1316 850 1359 egregie
869 1316 1050 1347 manifestat
1071 1314 1189 1357 iudicio
1210 1320 1306 1346 acuto
1320 1320 1353 1345 et
1373 1314 1570 1357 argumentis

239 1372 390 1416 probato,
415 1383 486 1415 quae
508 1371 547 1402 de
564 1371 601 1401 iis
625 1370 703 1410 fert,
722 1380 755 1401 se
774 1380 886 1401 eorum
910 1370 1026 1412 scripta
1049 1368 1219 1411 diligenter
1241 1369 1397 1400 lectitasse
1415 1374 1448 1398 et
1466 1379 1573 1410 quan-

239 1426 313 1457 tivis
337 1425 442 1455 facere
472 1424 578 1466 pretii.
604 1423 718 1454 Recte:
745 1421 901 1465 quamdiu
923 1422 1010 1453 enim
1034 1422 1134 1453 literis
1153 1433 1230 1453 suus
1258 1420 1430 1452 habebitur
1449 1420 1569 1460 honos,

239 1478 381 1509 historici
403 1477 510 1508 Graeci
530 1477 613 1507 inter
631 1475 768 1506 maxima
791 1486 902 1506 eorum
918 1474 1171 1506 recensebuntur
1192 1480 1389 1505 ornamenta.
1405 1491 1449 1497 -—
1468 1473 1571 1505 Valde

241 1537 349 1562 autem
369 1528 545 1561 dolendum
570 1533 633 1567 est,
658 1538 715 1558 nos
738 1532 803 1557 tam
824 1538 941 1569 paucos
960 1527 1099 1570 integros
1119 1525 1238 1557 habere
1262 1526 1458 1568 superstites.

284 1585 332 1615 De
359 1583 518 1614 Ciceronis
547 1582 703 1613 sententia
733 1580 772 1611 de
798 1579 988 1623 Thucydide
1012 1579 1078 1612 vid.
1104 1579 1238 1610 Doctiss.
1268 1578 1404 1622 Camper
1428 1577 1571 1622 Diatribe

242 1648 274 1679 p.
300 1636 342 1675 49
362 1647 448 1679 seqq.

756 1697 863 1729 Imnnm
886 1697 959 1728 CAP.
985 1696 1038 1736 14.

243 1770 309 1802 Sed
333 1781 373 1801 ne
398 1771 500 1801 latius
527 1772 586 1802 hoc
609 1771 702 1802 vobis
721 1776 840 1812 patere
865 1770 1036 1807 videatur,
1069 1770 1151 1800 haec
1174 1769 1342 1800 duntaxat
1366 1769 1400 1799 in
1432 1768 1569 1800 Graecis

288 1824 457 1867 intelligO,
483 1842 526 1850 -
548 1825 673 1856 Poetas
689 1826 841 1863 omnino,
865 1826 967 1868 quasi
982 1825 1055 1855 alia
1071 1822 1219 1866 quadam
1241 1823 1360 1865 lingua
1376 1822 1504 1853 locutos
1512 1844 1523 1859 ,

660 1890 724 1909 non
749 1890 848 1910 conor
871 1879 1058 1921 attingere,
1089 1883 1150 1908 etc.

289 1949 386 1990 Quod
395 1949 448 1982 hic
459 1949 498 1981 de
509 1948 703 1994 philosophis
713 1950 956 1988 dicitAntonius
964 1975 973 1992 ‚
980 1949 1069 1983 haud
1080 1950 1143 1981 scio
1153 1961 1194 1981 an
1205 1948 1349 1981 Ciceroni
1362 1946 1570 1980 tribuendum
