1820 2568
784 230 904 273 (25)

179 309 326 342 officium·
342 308 506 353 praestabo.
538 308 579 340 Hi
597 307 700 346 enim,
727 314 806 347 quos
831 304 973 334 assistere
996 304 1140 344 cernitis,
1165 315 1198 336 se
1220 317 1285 336 non
1305 316 1507 337 concessuros

178 375 244 395 esse
277 365 386 404 aiunt,
417 363 506 394 hunc
531 361 716 398 hominem,
746 367 925 400 paucorum
957 356 1131 399 imperium
1159 359 1327 390 manifeste
1359 370 1506 392 eversum

179 423 328 458 euntem,
352 429 369 448 a
390 415 480 447 nobis
505 414 633 446 dimitti.
660 411 764 444 Nostis
788 416 917 450 autem,
941 410 977 441 in
999 411 1089 443 novis
1115 411 1239 454 legibus
1267 424 1285 443 a
1315 412 1406 443 nobis
1430 425 1507 455 per—

179 471 334 513 scriptum
347 480 430 508 esse,
451 479 493 499 ne
509 468 580 510 quis
594 477 612 498 e
623 472 672 497 ter
688 463 845 503 millibus,
862 463 923 494 nisi
943 463 1070 495 decreto
1085 471 1189 496 vestro
1206 465 1388 505 damnatus,
1404 471 1507 497 morte

178 523 353 562 multetur3
380 527 500 552 ceteros
523 530 618 559 vero,
649 519 705 561 qui
730 522 819 548 extra
845 516 934 548 hunc
958 527 1132 548 numerum
1163 519 1244 558 sint,
1274 519 1374 550 XXX
1399 520 1506 551 virum

179 575 307 607 arbitrio
330 585 396 605 esse
417 573 552 605 relictos.
580 573 647 615 Ego
664 571 789 613 itaque,
812 571 870 609 ait,
893 570 1128 601 Theramenem
1143 572 1257 610 istum,
1277 572 1507 603 consentienti-

178 627 237 659 bus
252 626 340 661 vobis
354 627 515 667 omnibus,
531 637 570 658 ex
585 625 646 657 hoc
662 624 802 667 catalogo
815 622 990 654 deleo.''—-
1000 623 1127 663 Quibus
1141 623 1273 664 auditis,
1292 624 1507 656 Theramenes

178 680 213 711 iu
229 691 315 711 aram
338 681 515 724 proximam
537 678 696 710 insiliens:
724 688 743 708 ))
755 678 822 720 Ego
841 688 933 717 vero,
963 677 1023 717 ait,
1048 688 1116 708 rem
1138 678 1283 708 omnium
1303 677 1505 721 justissimam

178 733 365 776 suppliciter
385 745 403 765 a
424 732 512 766 vobis
531 732 674 775 postulo;
702 730 808 762 Critiae
832 741 874 761 ne
895 730 1104 770 concedatur,
1129 730 1180 763 vel
1199 741 1266 770 me,
1290 731 1341 763 vel
1363 731 1509 773 quemvis

178 793 321 819 vestrum
344 787 437 826 velit,
463 796 666 829 expungere,
690 783 746 815 sed
765 789 803 815 ut
825 794 866 814 ex
888 783 925 814 ea
948 783 1035 826 lege,
1062 795 1160 826 quam
1183 783 1218 814 hi
1244 783 1366 823 tulere,
1390 784 1428 814 de
1450 784 1506 822 iis,

180 840 236 882 qui
256 839 397 882 catalogo
417 840 643 875 continentur,
672 843 704 868 et
728 836 768 867 de
792 835 880 867 vobis
901 842 934 868 et
960 836 999 867 de
1019 847 1070 867 me
1096 836 1254 879 judicium
1283 837 1346 867 fiat.
1384 837 1425 867 Et
1447 837 1507 867 hoc

179 891 327 934 quidem,
351 892 476 934 inquit,
509 902 568 934 per
591 891 674 921 Deos
697 889 908 920 immortales!
936 889 1024 920 haud
1048 889 1176 930 ignoro,
1204 889 1288 920 hanc
1315 901 1401 920 aram
1425 889 1508 920 nihil

179 944 260 975 mihi
288 945 513 987 profuturam,
540 943 595 975 sed
625 943 697 974 ideo
722 942 763 975 ad
793 953 863 973 eam
891 942 1043 985 confrigi,
1076 948 1113 973 ut
1137 942 1344 973 manifestum
1371 943 1506 982 faciam,

179 997 236 1028 hos
259 1008 324 1028 non
343 998 378 1028 in
396 997 542 1028 homines
563 1002 690 1028 tanturn
709 995 929 1039 injustissimos
950 1006 1032 1033 esse,
1057 995 1112 1025 sed
1132 995 1166 1025 in
1186 996 1270 1025 Deos
1292 996 1387 1026 etiam
1410 1007 1507 1037 quam

179 1051 318 1082 maxime
338 1051 462 1093 impios.
489 1051 537 1080 De
558 1049 645 1082 vobis
664 1055 772 1079 autem
791 1053 893 1086 certe,
916 1047 978 1079 viri
997 1047 1266 1088 praestantissimi!
1294 1058 1359 1077 non
1379 1059 1508 1089 possum

178 1114 244 1133 nou
267 1102 393 1141 mirari,
416 1112 471 1134 vos
490 1100 578 1133 vobis
598 1101 672 1143 ipsis
688 1111 753 1131 non
774 1100 956 1139 consulere,
986 1111 1060 1131 cum
1082 1100 1200 1142 optime
1221 1100 1422 1143 intelligatis,
1443 1112 1508 1132 non

178 1165 288 1187 meum
313 1165 432 1186 nomeu
460 1154 560 1196 magis
586 1164 683 1196 quam
712 1152 870 1197 cujusque
905 1159 1047 1186 vestrum
1072 1153 1172 1184 deleri
1201 1153 1322 1196 posse.”
1361 1154 1410 1185 Ad
1440 1154 1508 1185 haec

178 1208 279 1239 XXX
298 1207 441 1240 virorum
456 1217 560 1250 praeco
579 1206 628 1237 XI
648 1207 747 1247 virm,
766 1212 805 1238 ut
826 1206 1059 1238 Theramenem
1076 1207 1330 1249 prehenderent‚
1351 1208 1505 1240 evocavit.

177 1261 244 1301 Qui
268 1272 342 1293 cum
361 1261 494 1304 ingressi
520 1266 624 1293 essent
646 1272 722 1292 cum
746 1260 898 1291 ministris
925 1259 1008 1291 duce
1031 1260 1162 1303 Satym,
1191 1259 1322 1291 homine
1349 1260 1433 1291 inter
1455 1270 1507 1291 eos

177 1319 249 1346 tum
273 1314 501 1354 audacissimo,
530 1320 601 1346 tum
627 1313 903 1357 impudentissimo
931 1313 998 1356 (1),
1027 1314 1065 1344 iis
1095 1313 1176 1344 dixit
1207 1312 1339 1344 Critias:
1376 1324 1394 1343 >>
1410 1312 1508 1343 Vobis

174 1367 331 1400 tradimus
354 1368 444 1400 hunc
464 1367 700 1400 Theramenem
729 1378 769 1399 ex
794 1366 866 1410 lege
891 1366 1100 1406 damnatum3
1126 1377 1181 1398 vos
1208 1377 1283 1397 eum
1311 1366 1507 1409 prehensum

178 1420 342 1462 abducite,
366 1432 430 1465 quo
444 1433 502 1465 par
523 1427 586 1462 est,
611 1427 644 1453 et
665 1421 789 1464 reliqua
811 1420 1065 1464 exsequimiuil⁷²
1086 1438 1130 1445 ·—
1152 1420 1279 1459 Quibus
1303 1420 1411 1461 dictis,
1431 1432 1507 1453 eum

178 1474 357 1507 avellebant
378 1474 419 1506 ab
441 1486 493 1506 ara
515 1475 645 1518 Satyrus
667 1475 735 1518 ipse
755 1481 788 1507 et
809 1475 957 1507 ministri.
988 1475 1205 1506 Theramenes
1218 1498 1227 1514 ‚
1253 1475 1302 1506 uti
1327 1485 1506 1516 congruum

179 1532 246 1558 erat
257 1551 266 1566 ‚
288 1533 321 1559 et
339 1528 422 1559 Deos
439 1528 606 1561 invocabat
621 1534 654 1559 et
669 1528 829 1568 homines,
852 1534 905 1568 ut,
926 1539 998 1571 quae
1016 1539 1126 1559 secum
1145 1533 1317 1570 agerentur
1329 1551 1337 1566 ‚
1362 1527 1507 1570 adspice—

179 1585 262 1610 rent.
282 1580 324 1610 At
337 1587 464 1612 senatus
480 1593 546 1612 non
565 1592 598 1612 se
619 1581 854 1620 commovebat,
871 1586 1039 1623 propterea
1059 1580 1146 1623 quod
1164 1580 1204 1611 ad
1221 1579 1375 1610 cancellos
1389 1586 1506 1611 stantes

180 1631 304 1663 videret
322 1633 432 1676 Satyro
456 1634 589 1674 similes,
615 1640 648 1665 et
667 1633 774 1664 locum
798 1638 872 1663 ante
896 1633 1019 1664 curiam
1042 1631 1240 1676 praesidiariis
1265 1632 1416 1675 plenum,
1445 1644 1505 1664 nec

179 1685 340 1727 ignoraret
364 1686 487 1726 adesse,
507 1687 564 1729 qui
585 1686 655 1717 sicis
672 1691 776 1717 essent
794 1686 943 1717 instructi
957 1685 1016 1729 (2).
1043 1685 1125 1717 Cum
1145 1696 1221 1718 vero
1241 1685 1324 1717 solus
1340 1696 1379 1717 ex
1400 1686 1506 1717 omni-

178 1736 238 1769 bus
259 1737 400 1770 Socrates
420 1745 453 1770 et
473 1739 537 1770 duo
558 1738 612 1770 alii
629 1744 850 1779 accurrerent,
869 1750 924 1779 ae,
944 1749 986 1771 ne
1003 1739 1196 1771 Therameni
1218 1740 1265 1772 vis
1285 1740 1390 1779 fieret,
1411 1739 1506 1771 licto-

178 1789 267 1823 ribus
289 1802 322 1823 se
347 1791 540 1836 objicerent,
567 1792 619 1824 hic
642 1804 793 1836 generoso
817 1798 848 1825 et
871 1804 987 1837 magno
1006 1793 1113 1825 animo
1138 1804 1191 1825 eos
1211 1793 1330 1833 oravit,
1360 1803 1401 1823 ne
1426 1792 1505 1836 quid

239 1915 283 1944 (1)
299 1914 346 1937 Hic
366 1914 392 1937 in
411 1915 491 1938 locum
511 1914 669 1938 Theramenis
689 1915 763 1939 fuisse
780 1916 894 1940 suffectus
911 1917 1056 1940 Schneidero
1076 1917 1186 1945 videtur,
1213 1925 1242 1939 ex
1267 1917 1347 1947 Lysiae
1363 1917 1417 1940 loco
1439 1918 1503 1940 Adu.

178 1955 275 1978 Nicom.
295 1962 320 1985 p.
335 1955 392 1985 476,
410 1956 479 1985 cujus
495 1955 620 1978 sententiat
635 1955 781 1980 subscribere
800 1957 912 1988 equidem
931 1957 1030 1986 dubito,
1046 1957 1076 1980 ob
1093 1964 1133 1986 ea,
1152 1964 1205 1988 quae
1219 1957 1333 1988 leguntur
1348 1957 1412 1988 apud
1423 1957 1502 1980 Diod.

179 2002 200 2018 c.
215 1995 245 2018 52
263 1994 292 2018 de
308 1995 383 2018 XXX
401 1994 462 2019 viris
475 1995 661 2026 Thrasybulum
679 1995 711 2020 ad
728 1996 869 2027 tyrannidis
886 1997 1025 2021 societatem
1040 1996 1211 2021 invitantibus.

239 2034 272 2064 (2)
289 2034 399 2065 Xetzoplz.
416 2035 434 2059 1.
451 2035 469 2058 l.
489 2035 502 2066 §
517 2043 545 2058 22
559 2048 574 2053 -
587 2035 628 2059 55.
