1820 2568
857 193 872 234 (
893 190 935 231 46
958 190 972 232 )

252 272 291 304 ad
305 271 484 302 societatem
498 279 573 299 cum
586 265 847 305 Lacedaemoniis,
864 264 983 308 populo
1001 269 1147 307 praestare
1163 262 1363 302 ostendisset,
1379 262 1457 294 huic
1476 269 1583 295 tamen

251 324 373 357 summa
399 322 615 354 moderatione
639 321 755 359 suasit,
781 325 818 350 ut
842 318 1044 350 clementiam
1071 328 1160 348 suam
1188 328 1262 359 erga
1290 316 1360 347 illos
1384 316 1583 357 ostenderet,

251 378 396 415 foederis,
422 375 629 421 jurejurando
648 373 843 411 confirmati,
872 384 937 403 non
957 373 1135 402 inimemor.
1168 370 1243 401 Haec
1267 376 1299 401 et
1320 370 1391 400 talia
1412 369 1584 413 loquutus,

252 444 317 464 uon
338 442 403 462 esse
424 430 520 469 dixit,
548 441 606 460 cur
630 427 878 471 perturbentur,
906 437 969 456 non
989 426 1075 456 enim
1100 435 1149 455 res
1171 435 1236 455 esse
1260 424 1440 463 novandas,
1462 423 1517 454 sed
1537 423 1588 455 le-

254 485 346 527 gibus
367 489 490 515 tantum
511 482 651 525 antiquis
673 492 739 512 esse
766 479 957 518 vivendum,
979 478 1012 511 id
1034 484 1096 516 est,
1124 476 1309 520 reipublicae
1329 477 1589 520 procurationem

254 537 373 581 populo
403 547 469 568 esse
499 534 705 567 reddendam.
750 532 850 577 Cujus
879 531 1011 575 quidem
1040 531 1196 562 sententia
1225 531 1369 572 superior
1401 542 1476 561 cum
1508 536 1589 561 esset

255 592 354 631 facta,
381 591 533 622 concione
555 588 699 628 dimissa,
724 588 926 630 magistratus
949 596 1037 616 more
1063 585 1153 616 solito
1179 585 1276 616 creati
1299 590 1375 616 sunt
1394 583 1463 627 (1),
1490 590 1587 627 atque

255 648 289 677 iu
310 646 357 676 his
382 644 531 676 Euclides
552 643 681 674 Archon
702 653 879 685 eponymus
903 641 1006 671 factus
1031 645 1077 670 est
1093 639 1150 680 (2).

301 699 383 730 Cum
409 697 608 740 Thrasybulo
632 696 815 735 redierunt,
843 700 958 737 praeter
984 694 1124 736 Lysiam,
1151 692 1382 731 Phormisium,
1408 691 1589 734 multosque

258 753 349 792 alios,
377 762 515 794 quorum
540 751 670 781 nomina
693 761 759 780 non
780 748 892 779 retulit
918 747 1064 784 historia,
1089 745 1266 784 Archinus,
1293 746 1342 777 vir
1367 746 1590 787 gravissimus,

259 806 315 848 qui
328 805 394 836 uua
413 815 488 834 cum
503 801 701 844 Thrasybulo
717 800 842 843 Phylen
853 803 1082 841 occupaverat,
1098 803 1147 836 et,
1165 798 1214 828 uti
1230 797 1274 827 ait
1288 797 1517 828 Demosthenes
1529 797 1591 839 (3),

258 863 328 901 post
349 856 483 888 deorum
507 853 738 885 immortalium
758 863 871 895 opem,
903 862 989 883 unus
1017 850 1156 881 maxime
1181 850 1326 881 omnium
1349 856 1460 881 auctor
1480 850 1594 893 populi

259 913 293 942 in
309 912 471 952 integrum
485 906 675 939 restituendi
695 907 812 938 fuerat.
836 906 896 937 Hic
914 904 1031 936 deinde
1046 905 1142 935 etiam
1158 904 1308 947 praeclara
1326 904 1427 935 multa
1444 905 1478 935 in
1493 915 1595 947 repu—

259 965 342 997 blica
368 964 475 1007 gessit,
501 973 640 1005 quorum
660 960 817 992 nonnulla
840 959 1021 992 videbimus
1041 959 1076 990 in
1093 963 1268 1001 posterum.
1286 958 1385 989 Porro
1398 957 1523 1001 Anytus
1531 958 1595 1000 (4),

261 1020 318 1062 qui
342 1017 453 1048 itidem
478 1016 592 1047 manus
615 1013 701 1045 illius
733 1013 900 1057 Phylensis
924 1013 990 1044 dux
1015 1018 1212 1043 memoratur
1231 1012 1296 1054 (5)·‚
1325 1018 1433 1054 postea
1458 1023 1533 1044 vero
1555 1012 1596 1043 ob

262 1074 386 1116 privata
407 1069 476 1101 odia
498 1080 572 1100 cum
594 1069 721 1111 Lycone
741 1073 774 1098 et
798 1067 907 1098 Melito
923 1066 1058 1097 Socratis
1079 1065 1200 1096 exstitit
1219 1071 1396 1104 accusator,
1417 1076 1515 1108 seque
1535 1065 1596 1097 hac

264 1123 447 1168 turpissima
480 1122 680 1153 accusatione
707 1120 746 1152 ad
774 1131 877 1151 seram
900 1119 1118 1162 posteritatem
1147 1117 1316 1149 infamavit
1336 1117 1393 1159 (6).
1438 1118 1597 1149 Praeterea

265 1178 459 1217 Andocides,
482 1182 585 1208 orator
604 1175 667 1217 (7),
693 1181 726 1206 et
745 1174 944 1213 callixenus,
972 1172 1093 1203 'ducum
1114 1170 1154 1201 ad
1174 1171 1347 1213 Arginusas
1368 1170 1596 1211 calumniator,

266 1234 322 1276 qui
349 1237 484 1263 mortem
509 1229 645 1269 deinde,
676 1234 764 1259 tanto
793 1228 912 1259 scelere
940 1226 1070 1269 dignam
1087 1249 1095 1265 ,
1126 1223 1288 1255 occubuit.
1324 1224 1483 1255 Omnibus
1510 1226 1598 1256 enim

267 1296 397 1324 exosus,
425 1284 510 1314 same
538 1282 667 1313 tandem
694 1281 860 1313 confectus
884 1280 981 1324 periit
1002 1279 1061 1322 (8).
1098 1278 1184 1309 Tum
1208 1278 1412 1317 Atrometus‚
1443 1278 1600 1309 AEschinis

268 1339 398 1371 oratoris
423 1343 513 1380 pater
535 1336 600 1379 (9),
632 1336 785 1375 AEsimus,
815 1336 896 1378 qui,
925 1333 982 1365 ubi
1010 1332 1131 1364 civium
1155 1342 1272 1374 pompa
1299 1342 1339 1362 ex
1366 1331 1468 1362 Piraeo
1502 1333 1600 1374 portis

269 1389 565 1436 appropinquabat,
600 1389 753 1420 accedens
777 1388 817 1420 ad
845 1388 1043 1431 Agoratum,
1076 1385 1177 1416 XXX
1205 1385 1348 1417 virorum
1374 1385 1542 1416 satellitem
1569 1391 1601 1416 et

269 1446 492 1487 administrum
510 1443 758 1486 nequissimum,
776 1443 850 1486 qui,
867 1442 979 1474 sumtis
994 1441 1105 1480 armis,
1122 1439 1242 1470 caeteris
1258 1438 1380 1471 civibus
1394 1450 1427 1470 se
1443 1439 1603 1483 adjunxe-

270 1506 338 1540 rat,
363 1505 490 1530 scutum
512 1497 589 1528 huic
610 1503 774 1540 arreptum
794 1496 929 1540 projecit
940 1521 948 1535 ,
964 1497 1135 1539 ipsumque
1152 1493 1192 1524 ad
1212 1492 1328 1524 malam
1343 1504 1412 1524 rem
1427 1504 1466 1524 ex
1481 1492 1603 1525 civibus

249 1567 253 1570 ’
273 1554 359 1585 abire
381 1552 487 1598 jussit,
512 1562 577 1582 non
608 1551 695 1581 enim
721 1556 889 1593 oportere,
913 1548 1106 1580 homicidam
1129 1558 1279 1589 pompam
1304 1546 1457 1578 Minervae
1481 1545 1605 1589 produ—

281 1620 1604 1637 ————-—-———-—-———-—--———--———-

337 1668 369 1697 (ι)
388 1665 497 1695 Xctzoplz.
515 1665 526 1694 ᾗ
541 1666 570 1687 40
585 1678 599 1682 -
614 1665 651 1687 43.

337 1708 373 1735 (2)
389 1706 433 1728 Uti
450 1712 532 1727 omnes
548 1704 598 1727 fere
613 1711 662 1726 uno
679 1711 719 1726 ore
738 1707 858 1725 testantur
875 1710 904 1725 ex
921 1701 1038 1732 antiquis.
1053 1700 1110 1723 vid.
1131 1700 1235 1729 Taylor,
1251 1699 1269 1722 1.
1289 1700 1305 1722 1.
1326 1703 1350 1722 et
1364 1699 1492 1722 Dodussell.
1508 1699 1526 1722 Ι.
1542 1699 1560 1722 1.

339 1748 371 1775 (5)
388 1746 452 1768 Ado.
475 1746 648 1772 Timocratem,
664 1751 688 1773 p.
707 1744 760 1773 479.

340 1786 372 1815 (4)
390 1787 482 1810 Isocr„
497 1785 552 1807 adu.
576 1785 688 1811 Callim.,
708 1791 734 1813 p.
750 1782 803 1811 598.

341 1826 374 1854 (5)
390 1826 415 1847 A
433 1824 526 1853 Lysia,
544 1824 599 1845 adu.
615 1825 692 1853 Agar.
703 1840 709 1851 ,
731 1830 755 1852 p.
772 1822 824 1844 261.

342 1866 374 1894 (0)
392 1865 468 1887 Plato
481 1864 508 1886 iu
522 1864 596 1893 Apol.
609 1864 676 1885 ὅθεν.
692 1863 789 1893 passim.
810 1862 848 1885 Cf,
862 1868 914 1892 quae
928 1861 956 1883 de
972 1860 1016 1883 hoc
1031 1859 1085 1882 viro
1101 1858 1173 1881 habet
1185 1857 1286 1884 Luzac,
1303 1857 1328 1880 in
1348 1858 1429 1887 Orat.,
1444 1865 1468 1888 p.
1486 1859 1525 1881 131
1544 1865 1592 1888 seq.

344 1906 376 1935 (7)
393 1904 576 1927 Pseudo-Plut.
595 1903 621 1925 in
639 1903 734 1926 Atuloc.

343 1945 376 1975 (8)
395 1943 506 1973 Xelzoplz.
527 1943 597 1966 Hell.
615 1944 642 1970 1,
661 1951 687 1972 7,
708 1942 772 1971 §4o.

344 1986 382 2015 (9)
400 1984 545 2012 AEsclzines‚
567 1984 597 2006 de
616 1983 685 2012 falsa
705 1983 839 2013 legatione,
863 1989 888 2010 p.
916 1981 972 2010 206,
995 1988 1043 2010 seq.
1064 1978 1103 2001 ed.
1122 1977 1158 2000 H.
1189 1977 1292 2006 lVolfii;
1314 1977 1476 2007 Apollonius,
1496 1977 1521 1999 in
1551 1977 1612 2000 Vita

285 2025 429 2052 AEsclziuis,
451 2023 532 2047 initio.

1795 967 1805 1050 -00—-0-01-

1790 1546 1801 1580 ..μ
