1763 2511
753 221 849 262 (7)

140 295 237 327 illust.
261 296 336 328 viris
360 295 526 335 fratribus,
553 305 690 338 quorum
711 294 797 336 prior
813 293 979 330 JacobuS,
1000 294 1035 323 in
1055 296 1164 325 Actis
1176 296 1266 326 eracl.
1284 307 1335 326 an.
1358 296 1440 327 1691
1455 319 1464 335 ,

141 349 241 380 multa
259 349 426 391 praeclara,
449 350 532 379 inter
554 359 625 390 quae
644 347 806 389 praecipue
825 346 946 377 eminet
962 346 1016 377 illa
1034 348 1209 389 proprietas
1225 348 1310 391 quod
1329 349 1466 380 caustica

141 402 263 444 spiralis
282 402 523 445 logarithmicae,
540 406 660 442 puncto
674 400 833 430 luminoso
855 400 955 441 posito
977 400 1010 430 in
1031 407 1138 431 centro
1149 425 1157 440 ,
1179 402 1300 444 spiralis
1315 403 1355 432 sit
1367 403 1465 444 priori

140 456 270 485 omnino
288 460 320 485 et
340 465 379 485 ex
397 454 483 484 omni
503 458 592 495 parte
607 451 752 494 aequaliS,
770 451 899 494 publico
919 454 1182 494 communicavit,
1204 461 1236 485 et
1251 466 1322 498 quae
1341 455 1464 487 adhuc-

139 507 217 538 dum
244 512 367 538 exstant
396 507 430 537 in
456 506 604 548 operibus
623 506 687 536 suis
705 505 761 536 lib.
795 507 829 536 1⁰
855 517 923 548 cap.
950 507 1036 549 quod
1060 507 1263 539 inscribitur:
1288 510 1385 539 lineae
1406 520 1464 549 ey—

138 561 300 591 cloidales
307 582 319 597 ,
337 561 515 597 causticoe,
527 560 764 601 pericausticoe
779 559 836 601 (1).
864 559 983 590 Eodem
1003 566 1146 602 tempore
1160 572 1222 603 quo
1237 562 1384 592 Jacobus
1396 562 1463 593 haec

138 614 259 651 omnia,
283 612 431 643 Joannes
456 618 526 643 tum
544 613 670 644 Parisiis
692 612 827 654 degens,
849 613 883 643 in
906 612 1096 644 lectionibus
1118 615 1181 645 suis
1203 614 1242 645 de
1265 615 1386 646 calculo
1410 617 1463 646 iu-

137 664 266 708 tegrali‚
282 665 435 697 formulas
449 665 581 697 docebat
595 677 654 709 ope
675 665 789 697 calculi
804 665 1023 697 differentialis
1035 673 1173 709 paratas,
1186 667 1302 709 quibus
1318 669 1463 700 causticae

135 718 238 749 omnis
256 719 382 761 generis
398 718 602 751 determinari
617 725 759 763 possent,
781 726 813 750 et
831 731 969 762 quarum
989 731 1048 763 ope
1069 721 1102 751 in
1119 722 1271 751 causticas
1289 721 1462 763 parobolae,

135 770 300 814 cycloidis,
317 771 445 812 circuli,
461 773 510 803 uti
529 772 594 816 jam
609 773 810 812 monuimus,
830 773 1006 815 inquisivit.
1023 774 1067 804 H
1067 775 1208 816 ugenizcs
1224 776 1280 817 qui
1295 781 1341 806 tot
1357 782 1462 806 tanta—

135 835 199 867 que
231 824 271 856 de
296 825 492 868 epicycloi'de
519 825 768 865 demonstravit,
796 826 949 856 causticas
975 826 1107 857 intactas
1134 838 1199 857 non
1227 828 1377 870 reliquit,
1408 829 1464 860 secl

134 888 236 920 pauca
257 884 364 909 tamen
386 878 426 910 de
450 879 524 921 ipsis
544 880 682 921 scripsit,
709 879 743 909 in
765 884 903 909 tractatu
926 890 984 910 suo
1004 879 1044 910 de
1069 880 1203 911 lumine.

179 931 370 962 Generalem
399 943 417 962 a
439 932 634 963 Bernoullio
657 931 721 975 jam
741 932 905 963 inventam
926 938 958 962 et
981 932 1110 974 publico
1130 933 1247 964 editam
1270 934 1459 974 formulam,

135 982 199 1025 qua
226 985 372 1016 causticae
401 995 458 1027 per
480 985 724 1024 refractionem,
754 991 787 1015 et
812 996 869 1027 per
896 986 1102 1018 reflexionem
1127 988 1161 1018 in
1194 988 1291 1019 curva
1319 988 1461 1030 qualibet

132 1036 312 1078 productae,
328 1037 598 1078 determinantur,
615 1039 670 1069 su‘a
689 1039 759 1070 vice
773 1039 938 1080 inquisivit
948 1039 1105 1070 Marc-hio
1116 1040 1357 1080 Hospitalizcs‚
1371 1053 1461 1073 eam—

134 1100 197 1131 que
219 1091 254 1121 in
273 1090 354 1121 libro
378 1102 434 1122 suo
455 1092 507 1123 cui
531 1091 659 1122 titulus:
681 1092 755 1121 Des
775 1091 962 1132 infiniment
974 1093 1098 1132 petits,
1127 1092 1239 1132 edidit,
1268 1093 1373 1124 addita
1390 1105 1460 1125 me—

132 1142 229 1175 thodo
246 1154 303 1186 per
319 1155 416 1186 quam
427 1155 497 1175 eam
513 1144 708 1183 obtinuerat,
730 1142 817 1185 quod
832 1143 962 1185 quidem
979 1143 1018 1174 ab
1035 1144 1182 1176 omnibus
1196 1147 1252 1187 qui
1264 1152 1341 1177 tunc
1358 1158 1459 1190 usque

131 1197 276 1228 causticis
297 1196 526 1235 incubuerant,
547 1197 676 1227 omnino
696 1196 804 1227 fuerat
820 1202 932 1238 sponte
954 1197 1154 1239 neglectum,
1175 1209 1314 1241 namque
1333 1200 1459 1231 mathe-

130 1249 239 1280 matici
255 1249 341 1280 illius
361 1250 420 1282 aevi
441 1261 473 1281 se
492 1250 631 1282 invicem
652 1249 794 1292 quotidie
816 1250 1048 1292 provocabant,
1071 1257 1103 1282 et
1128 1263 1229 1294 quum
1247 1253 1318 1295 quis
1336 1253 1458 1296 aliquid

129 1302 313 1344 reperisset,
329 1302 362 1333 id
377 1303 498 1334 eaeteris
512 1313 641 1345 quoque
661 1302 887 1344 reperiendum
901 1303 1108 1346 proponebat.
1130 1305 1284 1336 Eamdem
1299 1306 1342 1336 M.
1360 1307 1458 1337 Hos-

123 1355 273 1395 pitalius
317 1355 402 1388 viam
435 1361 565 1388 secutus
595 1361 642 1387 est
677 1366 713 1386 ac
745 1356 844 1387 Jocm.
873 1356 1115 1396 Bernoullia35
1155 1358 1258 1400 primo
1284 1359 1455 1391 formulam

129 1407 295 1450 inquisivit
315 1408 513 1451 generalem,
532 1415 565 1441 et
583 1409 644 1440 hac
663 1409 804 1451 generali
820 1409 962 1452 reperta,
984 1411 1121 1441 caustica
1138 1410 1309 1453 parabolae,
1334 1412 1455 1454 spiralis

129 1459 373 1502 logarithmicae,
403 1461 603 1505 aliarumque
632 1473 824 1502 curvarum,
857 1463 922 1493 imo
949 1463 1052 1493 omnis
1078 1463 1231 1506 dioptrica
1256 1464 1454 1496 celeberrimi

137 1511 280 1543 Cartesii
299 1513 375 1545 inde
398 1514 506 1546 fluunt
529 1521 682 1558 tanquam
703 1514 865 1558 exempla,
892 1521 1046 1559 tanquam
1065 1517 1237 1549 corollaria.

174 1563 446 1609 Quotiescumque
471 1569 615 1599 causticae
633 1568 857 1610 producuntur
874 1569 1046 1602 reflexione
1065 1571 1117 1603 vel
1135 1572 1326 1603 refractione
1347 1572 1453 1604 radio—

129 1626 203 1647 rum
223 1617 257 1648 in
277 1619 383 1651 curvis
402 1621 615 1662 geometricis,
646 1621 791 1663 perfacili
811 1622 932 1655 calculo
958 1635 1082 1667 semper
1104 1624 1219 1656 harum
1240 1627 1451 1658 causticarum

128 1668 277 1701 refractio
292 1670 467 1713 obtinetur,
486 1674 530 1704 ita
550 1685 582 1705 v.
597 1685 624 1705 c.
635 1674 789 1717 probatur
809 1677 980 1708 causticam
999 1689 1057 1721 per
1070 1679 1275 1711 reflexionem
1289 1680 1450 1712 radiorum

150 1743 1421 1762 Ἣ

187 1780 232 1809 (ι)
257 1781 312 1804 Jac-
331 1782 493 1806 Bemoultius
508 1790 573 1814 oper.
589 1788 647 1807 tom.
663 1786 684 1807 1.
701 1793 755 1816 pag.
770 1786 828 1817 497,
845 1787 895 1811 ait:
912 1796 983 1819 super
996 1791 1078 1813 omnia
1092 1799 1148 1814 vero
1161 1792 1294 1815 utilitatem
1308 1792 1368 1815 novi
1385 1793 1451 1816 theo—

127 1819 226 1842 rematis
241 1821 410 1844 commendare
424 1827 515 1852 potest,
536 1824 599 1854 quod
615 1825 763 1849 occasionem
781 1827 1001 1853 subministraverit
1019 1830 1157 1854 inventioni
1172 1839 1251 1855 curvae
1266 1832 1401 1859 mirabilis,
1417 1833 1449 1856 sic

127 1864 186 1880 voco
206 1858 398 1883 loxodromicam
416 1861 484 1884 illam
503 1863 604 1892 planam
629 1871 669 1887 seu
696 1866 810 1894 spis-alem
837 1868 1045 1898 lugat-immicum,
1068 1876 1193 1901 propterea
1212 1872 1276 1902 quod
1299 1880 1350 1895 non
1375 1873 1448 1896 modo

126 1896 163 1920 sui
180 1897 319 1922 evolutione
337 1900 439 1930 seipsam
457 1901 599 1932 describere,
618 1904 657 1926 sed
672 1908 786 1934 praeterea
803 1907 843 1928 sui
858 1908 935 1936 ipsius
951 1909 1151 1939 anti-evolutam,
1168 1911 1342 1941 cycloi'dalem,
1361 1914 1449 1936 causti-

125 1943 179 1959 cam
196 1944 227 1961 ex
243 1938 374 1966 umbilico,
390 1941 602 1969 anti-causticam,
612 1943 803 1972 pericausticam
818 1952 881 1974 esse,
900 1951 944 1970 etc.
963 1947 1020 1971 Non
1037 1956 1097 1979 opus
1110 1953 1146 1972 est
1159 1954 1188 1973 ut
1203 1956 1332 1975 moneatur
1346 1960 1446 1976 curvam

123 1975 212 2000 hancce
221 1977 414 2009 logarithmicam
427 1981 539 2011 spitalem
550 1981 619 2004 illam
636 1990 683 2006 esse
699 1991 772 2014 quam
784 1992 892 2008 summus
908 1987 946 2009 vir
964 1991 1087 2018 tantopere
1101 1989 1239 2019 adamavit,
1262 1991 1290 2014 de
1314 1993 1361 2022 qua
1378 1997 1444 2015 tanta

126 2016 279 2048 praedicavit,
298 2018 430 2051 quamque,
448 2020 469 2043 si
484 2028 536 2044 mon
550 2021 590 2045 hic
604 2021 683 2046 adhuc
696 2023 823 2055 valuisset,
843 2026 937 2049 tumulo
955 2034 997 2050 suo
1013 2027 1090 2052 incidi
1108 2029 1231 2053 voluisset.
