1763 2511
732 204 748 246 (
771 214 813 245 29
835 204 852 246 )

707 297 780 329 CAP.
811 298 865 332 97.

149 387 244 426 Quas
273 397 347 417 cum
372 384 466 416 domo
495 383 629 414 haurire
655 393 721 412 non
741 392 863 423 posses
889 399 932 406 ·-—
965 392 1053 424 quae
1079 381 1194 413 domus
1225 389 1277 414 est
1304 393 1433 424 semper

626 445 745 476 habita
773 445 953 476 doctrinae.

165 532 280 562 Denuo
299 529 371 573 jure
392 528 565 561 laudantur
584 528 737 569 Athenae,
760 539 833 572 quae
851 539 978 572 semper
998 529 1085 578 {lpud
1107 540 1216 561 omnes
1241 529 1354 562 domus
1376 528 1454 561 doc—

122 584 215 616 trinae
236 582 353 615 habitae
377 589 463 615 sunt.

683 665 893 697 ORATOR.

721 748 794 779 Cu.
834 751 865 782 7.

158 819 330 851 Videmus
353 820 441 851 enim
458 818 573 861 fuisse
597 819 762 861 quosdam
784 837 828 844 —
851 820 1003 851 recordor
1022 821 1120 864 longe
1145 822 1298 853 omnibus
1324 832 1425 852 unum

409 881 573 925 anteferre
601 882 879 921 Demosthenem,
908 885 969 926 qui
991 885 1077 922 vim,
1106 891 1167 916 etc.

165 966 317 1005 Quantus
342 966 443 997 fuerit
463 976 552 997 amor
577 966 689 1008 patriae
711 972 744 997 et
766 977 877 998 rerum
897 967 1076 1009 patriarum
1097 967 1132 998 in
1162 966 1331 1006 Cicerone,
1359 976 1458 1008 quam

121 1020 260 1050 maxime
281 1031 357 1050 cum
380 1019 450 1050 aliis
470 1019 562 1058 locis,
590 1025 661 1050 tum
687 1019 740 1050 hic
761 1020 797 1050 in
825 1020 936 1062 primis
960 1019 1117 1052 videmus.
1146 1019 1271 1050 Verum
1298 1024 1386 1050 tanta
1410 1024 1458 1049 est

119 1073 167 1105 vis
180 1072 337 1111 veritatis,
349 1077 387 1103 ut
398 1072 529 1112 Graecis,
545 1072 623 1104 etin
634 1072 745 1115 primis
757 1072 929 1104 Oratorum
944 1072 1083 1116 principi
1093 1071 1316 1112 Demostheni,
1337 1072 1455 1102 summi

120 1124 160 1156 ab
185 1135 223 1156 eo
243 1125 279 1156 in
301 1125 485 1168 eloquentia
510 1124 696 1158 tribuantur
718 1126 875 1167 honores,
900 1133 933 1158 et
955 1133 994 1159 ut
1018 1127 1123 1159 Graeci
1143 1132 1281 1158 oratores
1308 1125 1458 1157 Romanis

119 1178 216 1222 longe
236 1184 486 1222 anteponantur.

720 1253 793 1284 CAP.
824 1254 856 1285 8.

119 1324 246 1367 Itaque
275 1324 377 1356 Caria
391 1330 425 1356 et
439 1325 597 1369 Phrygia
614 1331 648 1357 et
668 1326 810 1368 Mysia,
833 1325 926 1368 quod
947 1326 1083 1357 minime
1104 1344 1148 1351 —
1170 1325 1303 1357 nullum
1322 1324 1457 1356 verbum

365 1389 536 1427 insolens,
567 1390 698 1420 nullum
722 1390 875 1421 odiosum
893 1400 1017 1431 ponere
1041 1389 1199 1420 audebat.

165 1469 287 1502 Rursus
315 1470 438 1514 justum
465 1471 505 1503 de
536 1472 656 1503 Graecis
684 1471 861 1504 oratoribus
889 1472 923 1503 in
951 1482 1068 1514 genere
1090 1471 1195 1502 fertur
1216 1470 1392 1514 judicium,
1424 1475 1456 1500 et

123 1521 372 1556 Atheniensibus
398 1525 510 1567 primae
543 1524 722 1564 ceduntur,
749 1535 888 1567 quorum
913 1524 1041 1556 dicendi
1066 1535 1167 1567 genus
1198 1523 1361 1566 eleganter
1385 1521 1458 1553 des-

124 1574 218 1606 cribit
242 1575 363 1607 Cicero.

720 1647 793 1679 CAP.
824 1648 858 1680 9.

146 1721 216 1751 An
235 1719 344 1750 victus
369 1720 538 1751 hominum
561 1720 831 1751 Atheniensium
857 1719 1014 1763 beneficio
1039 1720 1148 1752 excoli
1164 1722 1302 1762 potuit,
1329 1721 1436 1752 oratio

675 1794 740 1814 non
758 1783 876 1824 potuit
887 1783 904 1814 Ρ

168 1865 265 1904 Quod
290 1865 386 1909 vulgo
412 1865 563 1906 tradunt,
589 1866 710 1899 victum
740 1865 910 1898 hominum
941 1866 1097 1899 beneficio
1119 1867 1367 1900 Atheniensium
1396 1878 1455 1900 ex-

125 1917 252 1951 cultum
270 1918 385 1959 fuisse,
398 1919 431 1951 id
447 1920 480 1951 h.
496 1919 519 1951 l.
537 1920 634 1951 etiam
649 1919 772 1963 accepit
782 1919 904 1952 Cicero.
915 1919 1022 1963 (conf.
1040 1921 1190 1953 Creuzeri
1205 1921 1315 1953 Oratio
1330 1920 1458 1954 laudata

124 1972 270 2016 passim).
294 1972 455 2006 Caeterum
475 1972 598 2017 ubique
617 1972 864 2007 Atheniensium
885 1984 918 2007 se
939 1974 1045 2019 prodit
1066 1974 1344 2008 studiossisimum.
