1763 2511
768 194 906 236 (¹27)

176 278 230 309 vel
250 288 315 308 nou
333 286 398 307 esse
423 275 564 312 factum,
582 271 633 304 vel
651 281 682 301 se
706 269 781 299 facti
804 273 965 299 auctorem
987 279 1050 299 non
1072 274 1214 307 exstare,
1237 267 1288 300 vel
1309 268 1367 299 sibi
1385 268 1507 300 factum

174 333 207 363 in
232 342 360 374 poenam
385 341 449 360 non
473 338 562 371 posse
584 322 748 367 imputari.

212 385 354 427 Simplex
378 389 486 415 antem
505 379 654 412 inficiatio
677 376 780 407 direte
803 376 930 419 probari
949 389 1012 408 non
1034 383 1157 423 potest,
1173 379 1247 420 qnia
1269 388 1333 408 non
1350 377 1426 409 facti
1444 388 1508 408 non

172 439 289 470 dantur
318 443 434 476 testes,
466 434 520 465 sed
541 431 697 463 indirecte
729 430 882 473 probatur
912 433 960 462 1.⁰
981 443 1053 474 per,
1079 432 1326 464 infirmationem
1354 430 1510 474 probandi

173 492 349 524 mediorum
371 487 485 530 quibus
507 491 670 517 accusator
690 496 765 516 usus
786 491 852 524 est,
873 487 922 516 2.⁰
943 497 1003 528 per
1021 485 1242 529 probationem
1267 484 1404 529 alicujus
1433 485 1510 516 facti

173 545 258 589 quod
278 553 349 575 cum
369 552 406 572 eo
423 565 431 580 ,
452 539 538 583 quod
564 545 726 571 accusator
746 539 906 579 intendit,
931 546 1015 571 stare
1039 540 1169 571 omnino
1189 546 1351 583 nequeat3
1381 540 1429 571 35³
1455 550 1512 582 per

171 600 395 640 argumentum
420 594 459 625 ab
483 593 669 636 impossibili
693 593 745 626 vel
769 593 971 636 improbabili
994 594 1182 626 deductum.
1207 595 1371 633 Quoniam
1398 600 1508 625 autem

169 649 328 681 secundus
351 648 554 679 inficiationis
578 647 688 678 modus
711 647 827 690 partim
846 647 886 678 ad
912 648 1135 690 exceptionem
1161 648 1322 686 refertur,
1351 653 1509 690 qnatenus

167 703 322 734 nimirum
343 703 377 733 in
398 702 587 744 allegatione
607 700 743 744 alicujus
768 701 845 731 faeti
876 702 1036 740 consistit,
1055 702 1172 744 partim
1199 711 1238 732 ex
1261 700 1512 743 impossibilitate

169 756 301 787 relativa
327 755 484 794 efficitur,
511 761 573 786 tres
592 754 638 785 illi
660 754 746 785 modi
773 754 812 785 ad
836 754 915 785 duos
939 755 1069 785 omnino
1092 754 1204 785 reduci
1224 765 1313 796 posse
1336 754 1507 791 videntur,

173 809 212 840 de
238 821 377 852 quorum
401 809 499 852 priori
521 807 666 851 qnaedam
685 818 772 839 nunc
799 807 932 838 dicenda
953 813 1039 838 sunt.

216 863 370 894 Inficiatio
388 874 446 905 per
461 863 708 893 infirmationem
728 860 884 903 probandi
908 860 1089 892 mediorum
1102 883 1110 899 ,
1126 860 1243 903 quibus
1261 865 1424 892 accusator
1435 871 1511 891 usus

171 921 234 955 est,
257 917 299 946 ita
320 917 370 955 fit,
386 917 411 946 si
427 927 502 947 reus
517 915 571 946 illa
590 914 693 946 media
712 915 751 946 ad
769 915 997 946 certitudinem
1013 914 1168 946 moralem
1181 914 1380 946 efficiendam
1396 913 1509 945 idonea

171 980 236 1000 non
260 980 325 1001 esse
348 969 503 1000 ostendat.
526 968 695 1007 Quomodo
717 975 824 1000 autem
848 980 920 1000 reus
943 968 1110 1000 ostendere
1132 974 1164 1000 et
1184 968 1282 1012 judex
1308 969 1461 999 aestimare
1478 967 1511 998 id

173 1024 286 1065 possit,
313 1022 464 1065 colligere
484 1028 531 1053 est
551 1034 590 1053 ex
609 1023 646 1052 iis
667 1034 738 1065 quae
759 1023 791 1053 in
815 1023 954 1053 secunda
978 1029 1066 1065 parte
1082 1023 1164 1053 dicta
1181 1029 1274 1062 sunt,
1290 1021 1347 1053 ubi
1363 1022 1512 1053 universa

171 1074 325 1117 probandi
349 1075 451 1105 inedia
467 1099 475 1113 ,
499 1086 676 1117 eorumque
703 1076 855 1118 requisita
881 1075 920 1106 ad
942 1076 1121 1107 faciendam
1146 1076 1262 1115 fidem,
1285 1081 1316 1106 et
1338 1076 1413 1107 vitia
1435 1085 1507 1117 quac

173 1128 306 1171 singulis
326 1128 407 1159 forte
430 1128 610 1168 inhaerent,
633 1130 777 1171 exposui.
798 1147 840 1153 —
861 1128 1008 1160 Testibus
1029 1130 1115 1161 enim
1138 1135 1207 1160 tum
1230 1129 1362 1160 demum
1383 1128 1512 1170 plenam

173 1181 269 1213 fidem
295 1182 509 1213 adhibendam
535 1193 600 1213 esse
626 1182 712 1221 dixi,
739 1183 764 1213 si
790 1194 923 1221 eorum,
946 1194 1017 1225 qua:
1043 1188 1127 1225 gesta
1154 1188 1250 1221 sunt,
1272 1193 1380 1214 veram
1401 1180 1512 1224 cogni-

172 1235 292 1266 tionem
315 1234 450 1274 habere,
477 1241 510 1266 et
532 1246 568 1266 ea
590 1247 728 1278 quorum
750 1237 964 1279 cognitionem
989 1236 1125 1275 liabent,
1146 1237 1253 1266 testari
1274 1234 1357 1267 velle
1370 1258 1378 1273 ,
1394 1240 1427 1265 et
1440 1244 1511 1276 quae

172 1290 281 1320 testari
292 1289 426 1327 volunt,
440 1295 531 1321 recte
550 1290 730 1330 exprimere
742 1290 911 1321 videantur
922 1313 930 1328 ,
952 1295 1103 1332 praeterea
1119 1289 1143 1319 si
1160 1288 1243 1318 claro
1259 1293 1291 1318 et
1303 1287 1513 1317 determinato

173 1341 266 1372 modo
283 1347 459 1380 testentur,
479 1341 504 1371 si
522 1341 581 1372 sibi
602 1348 796 1382 constantes,
818 1343 843 1372 si
866 1342 974 1384 plures
995 1348 1027 1372 et
1048 1341 1291 1372 consentientes.
1312 1341 1359 1369 Ex
1378 1339 1509 1370 adverso

172 1396 281 1437 itaque
302 1395 378 1425 fides
405 1395 536 1426 testium
557 1395 756 1434 elevabitur,
782 1396 807 1426 si
829 1407 891 1437 qua
920 1395 1035 1426 erroris
1060 1400 1116 1425 aut
1143 1393 1300 1424 mendacii
1328 1396 1382 1423 aut
1405 1402 1510 1434 pravae

172 1448 361 1479 elocutionis
385 1448 523 1489 suspicio
549 1448 624 1490 ipsis
648 1449 750 1479 inesse
772 1447 955 1491 apparebit,
972 1448 999 1479 si
1014 1446 1193 1478 testimonia
1214 1457 1326 1476 eorum
1345 1444 1508 1487 ambigua,

173 1502 199 1532 si
214 1512 324 1533 secum
340 1507 397 1532 aut
414 1513 489 1532 cum
502 1501 638 1533 aliorum
660 1502 847 1533 testimoniis
868 1501 1054 1544 pugnantia.
1077 1500 1159 1531 Nam
1183 1498 1314 1530 cuilibet
1332 1498 1511 1529 testimonio

174 1554 394 1586 testimoninm
420 1555 616 1586 contrarium
644 1560 770 1586 tantum
795 1554 869 1586 fidei
894 1555 1054 1594 detrahit,
1077 1559 1236 1597 quantum
1263 1552 1350 1584 addit
1375 1561 1510 1583 consen—

174 1614 306 1639 taneum
330 1607 389 1650 (1).

207 1721 240 1750 (1)
257 1720 378 1744 Benthain
395 1721 422 1743 L.
444 1729 468 1748 1,
484 1720 529 1743 Ch.
549 1721 573 1743 8.
592 1721 624 1744 Le
642 1722 904 1752 contre—te'moignage‚
925 1726 1056 1753 supposant
1074 1729 1097 1744 sa
1116 1721 1180 1744 soree
1197 1721 1315 1751 probante
1331 1719 1396 1750 e'gale
1411 1726 1440 1741 en
1459 1721 1512 1746 ίομῑ

176 1760 248 1791 point
263 1761 278 1784 ἐι
292 1761 351 1784 celle
368 1761 401 1784 du
422 1761 585 1791 temoiguage,
601 1761 710 1785 de'truira
728 1762 828 1785 celui-ci
847 1770 877 1785 en
895 1761 951 1785 effe!
966 1766 990 1785 et
1005 1769 1036 1785 en
1051 1761 1171 1792 pratique.
1185 1761 1247 1783 Sile
1263 1758 1511 1788 contre-temoignnge

177 1804 211 1823 est
229 1801 462 1831 comparativemeut
480 1800 596 1824 inferienr
615 1809 644 1824 an
663 1803 766 1832 premier
784 1803 947 1834 te'inoignage,
966 1803 989 1825 la
1010 1803 1072 1825 force
1090 1802 1118 1824 de
1137 1801 1236 1824 celui-ci
1255 1801 1314 1823 n'est
1332 1807 1374 1830 pas
1390 1798 1510 1826 de'truite,

177 1840 223 1863 elle
237 1841 297 1862 n’est
314 1848 359 1870 que
377 1839 508 1862 dimiuue'e.
527 1841 547 1863 Il
562 1848 592 1863 eu
609 1845 643 1863 est
662 1841 691 1864 de
710 1842 786 1864 meme
802 1842 862 1864 dans
884 1843 904 1864 le
925 1850 963 1865 cas
981 1843 1012 1865 οὺ
1029 1842 1062 1865 les
1080 1841 1337 1871 assertionsvopposees
1354 1847 1383 1862 ne
1398 1843 1453 1861 sont
1469 1845 1510 1868 pas

177 1879 331 1902 absolumeut
347 1879 539 1910 incompatibles.
559 1881 584 1903 A
599 1887 612 1902 a
630 1880 666 1903 e'te
680 1888 712 1904 vu
726 1889 770 1912 par
786 1883 825 1910 P,
848 1882 865 1905 it
880 1883 918 1904 n'a
933 1890 975 1912 pas
991 1883 1027 1905 e‘tel
1040 1890 1071 1906 vn
1087 1890 1130 1912 par
1144 1882 1172 1904 N
1185 1881 1245 1903 dans
1262 1888 1308 1903 une
1324 1880 1378 1902 telle
1392 1878 1508 1901 enceinte.

177 1919 203 1942 Y
222 1920 296 1943 a-t—il
315 1920 518 1950 incompatibilite'
536 1920 633 1943 absolue
654 1926 720 1945 entre
738 1931 775 1945 ces
793 1923 857 1946 deux
876 1922 1045 1953 depositions?
1063 1922 1119 1945 Cela
1139 1921 1233 1951 de'pend
1256 1920 1296 1943 des
1318 1919 1504 1943 circonstances,

179 1958 208 1982 de
222 1959 342 1982 l'etendue
360 1959 393 1982 du
409 1959 470 1982 locat
480 1977 486 1988 ,
506 1959 539 1983 «ln
558 1960 658 1984 nombre
677 1960 718 1985 des
733 1970 875 1993 personues,
894 1963 926 1986 du
942 1966 1017 1993 temps
1035 1961 1090 1994 plns
1103 1967 1134 1984 ou
1147 1960 1225 1984 moins
1239 1959 1295 1990 long
1313 1959 1341 1981 de
1357 1958 1379 1980 la
1399 1957 1507 1987 presence

181 1997 222 2021 (les
239 1998 318 2023 divers
336 2003 445 2028 actenrs,
470 2004 513 2022 etc.
