1820 2568
885 208 1005 251 (ω)

323 288 384 318 Isto
408 286 506 328 igitur
527 284 595 324 die,
621 293 718 326 quem
736 281 776 314 ad
798 281 1032 313 Theramenem
1053 292 1070 313 e
1091 280 1195 313 medio
1220 280 1397 313 tollendum
1423 280 1604 315 destinave-

279 346 350 373 rant
372 339 530 382 Tyranni,
555 338 707 369 arcessitis
728 335 915 380 juvenibus,
945 346 1023 378 quos
1041 335 1178 366 maxime
1199 334 1334 366 audaces
1352 345 1418 366 esse
1439 335 1603 367 existima-

278 394 370 432 bant,
395 398 491 435 atque
512 403 587 423 cum
608 389 817 434 pugionibuS,
842 400 920 431 quas
941 388 1000 420 sub
1014 388 1071 419 alis
1092 389 1233 427 ferrent,
1255 388 1396 420 assistere
1420 387 1478 419 sihi
1495 387 1603 432 jussis,

280 453 426 479 senatum
448 445 674 478 convocarunt.
717 445 888 486 Postquam
917 448 1024 473 autem
1049 441 1158 472 aderat
1181 441 1411 481 Theramenes,
1439 451 1605 484 assurgens

280 501 409 540 Critias,
434 505 642 542 tyrannorum
668 498 832 540 princeps,
857 495 1054 526 acerbissima
1079 500 1112 525 et
1135 494 1379 526 virulentissima
1406 495 1546 525 oratione
1570 495 1604 525 in

281 565 355 586 eum
376 554 521 585 invectus
543 558 605 591 est,
631 557 663 582 et
684 551 794 594 capitis
818 550 992 588 accusavit,
1021 547 1194 579 calumnias
1219 546 1386 577 calumniis
1415 546 1604 587 cumulans,

280 607 494 649 excusataque
518 605 652 636 caedium
671 603 868 646 frequentia,
895 614 990 645 quam
1012 602 1131 633 scilicet
1153 601 1320 631 necessitas
1341 606 1473 632 mutatae
1493 601 1606 644 reipu-

280 659 371 690 hlicae
390 659 501 690 formoe
527 663 689 701 posceret,
714 656 809 687 dixit:
838 667 857 687 ))
874 656 957 686 Eum
979 666 1045 685 esse
1065 654 1227 697 praesentis
1252 653 1350 684 status
1369 653 1604 684 criminatorem

282 717 316 743 et
337 712 505 743 inimicum
532 710 801 748 infensissimum,
829 708 904 739 licet
931 708 965 738 in
993 707 1048 738 illo
1076 706 1353 737 administrationis
1381 712 1503 748 partem
1538 707 1605 748 ipse

281 775 356 796 cum
382 765 502 795 caeteris
532 763 617 795 ultro
641 763 848 804 suscepisset;
878 759 1080 791 restituendae
1108 769 1202 800 porro
1231 757 1415 800 reipublicae
1445 758 1606 801 popularis

281 827 347 847 esse
371 816 650 851 studiosissimum,
672 814 836 844 hominem
856 813 998 850 varium,
1023 812 1272 850 inconstantem3
1296 810 1330 840 in
1353 810 1531 853 abroganda
1549 812 1607 843 de-

280 868 432 899 mocratia
448 872 480 898 et
496 865 679 897 inducendo
697 863 978 908 promovendoque
997 863 1102 894 CCCC
1117 863 1259 895 virorum
1277 863 1411 905 imperio
1429 863 1606 904 fervidum,

282 932 319 952 ac
342 931 452 952 rursus
472 920 506 950 in
526 918 698 951 evertendo
722 918 838 949 horum
860 917 1010 960 imperio,
1036 922 1132 959 atque
1154 917 1188 947 in
1210 915 1368 958 populum
1389 917 1508 947 iterum
1528 927 1607 948 con-

281 972 430 1012 ferendo,
451 972 647 1015 principem,
667 972 701 1001 in
716 971 804 1001 omni
823 976 908 1001 statu
930 969 1112 1007 turbidum,
1137 969 1336 1011 inquietum,
1358 979 1467 999 rerum
1485 980 1608 1000 novan-

281 1025 395 1057 darum
418 1029 641 1067 appetentem3
667 1034 771 1065 nuper
791 1023 941 1064 iniquum
961 1027 1056 1063 atque
1079 1020 1262 1063 improbum
1282 1027 1497 1052 accusatorem
1512 1021 1609 1053 inno-

281 1078 424 1109 centium
449 1076 568 1107 ducum
586 1074 626 1106 ob
647 1086 711 1105 non
734 1080 855 1106 servata
877 1084 1028 1104 caesorum
1049 1072 1136 1114 apud
1155 1073 1327 1115 Arginusas
1352 1084 1496 1115 corpora,
1516 1074 1609 1117 cujus

281 1130 422 1162 criminis
446 1129 512 1171 ipse
535 1134 602 1159 erat
622 1138 711 1168 reus3
738 1127 968 1164 facinorosum,
986 1125 1157 1167 indignum
1179 1126 1235 1167 qui
1257 1125 1378 1156 diutius
1398 1127 1536 1165 viveret,
1555 1127 1609 1158 cui

281 1184 307 1215 si
327 1182 451 1226 parsuri
477 1181 539 1212 sint
563 1179 705 1224 judices,
735 1189 801 1210 sese
826 1184 858 1209 et
885 1177 1117 1220 rempublicam
1141 1188 1207 1208 esse
1237 1177 1432 1210 eversuros.”
1457 1197 1500 1203 —
1525 1179 1609 1210 Huic

282 1236 389 1267 animo
413 1244 529 1276 magno
549 1239 582 1264 et
605 1232 763 1275 intrepide
786 1231 948 1275 respondit
972 1231 1205 1270 Theramenes,
1231 1242 1283 1271 ac,
1302 1231 1390 1264 larva
1410 1232 1531 1263 caeteris
1555 1243 1608 1264 ca—

282 1288 414 1321 lumniis
432 1286 592 1326 detracta,
614 1291 647 1317 et
666 1284 851 1317 criminibus
869 1286 903 1315 in
923 1284 1053 1315 critiam
1073 1285 1235 1327 sociosque
1249 1284 1391 1324 retortis,
1414 1284 1519 1327 palam
1533 1296 1610 1328 pro-

282 1341 383 1373 fessus
404 1346 466 1371 est:
493 1339 640 1382 »Neque
659 1339 843 1381 impotentis
862 1337 1023 1381 popularis
1048 1337 1190 1380 imperii,
1215 1337 1398 1380 infimaeque
1423 1337 1525 1380 plebis
1551 1349 1611 1380 po·-

282 1394 391 1425 tentiae
419 1393 516 1433 vitia,
547 1403 653 1435 neque
682 1392 800 1435 exlegis
829 1403 1004 1435 paucorum
1034 1390 1215 1421 dominatus
1234 1389 1388 1422 violentas
1413 1389 1611 1433 injustasque

284 1447 422 1479 actiones
437 1457 580 1489 unquam
601 1444 735 1488 probare
754 1456 786 1476 se
809 1446 968 1488 potuisse,
994 1444 1049 1475 sed
1072 1444 1215 1487 legitimo
1237 1443 1448 1475 moderamini
1472 1450 1611 1486 utroque

283 1501 317 1531 in
343 1505 427 1531 statu
449 1498 638 1530 studuisse.’'
675 1499 722 1529 Ita
746 1498 886 1541 denique
912 1509 944 1529 se
973 1497 1118 1529 defendit
1144 1508 1180 1527 ac
1205 1497 1388 1539 peroravit,
1418 1502 1456 1527 ut
1484 1502 1611 1527 senatus

286 1553 530 1584 admurmurans
551 1551 639 1582 haud
661 1551 792 1582 obscura
823 1551 1053 1583 benevolentiae
1075 1552 1164 1593 signa
1195 1550 1289 1581 edere
1313 1549 1488 1582 videretur.
1516 1549 1612 1588 Quod

286 1617 388 1647 quum
412 1604 684 1637 animadvertisset
707 1603 835 1643 Critias,
861 1603 1062 1646 intelligenS‚
1087 1604 1113 1633 si
1133 1603 1258 1634 senatui
1282 1602 1322 1633 de
1343 1601 1442 1645 hujus
1464 1602 1529 1634 vita
1554 1602 1613 1633 de—

287 1668 417 1689 cernere
436 1657 647 1699 relinqueret,
668 1668 744 1688 eum
766 1668 955 1696 evasurum,
976 1655 1062 1698 quod
1082 1655 1107 1686 si
1128 1656 1234 1695 fieret,
1254 1655 1361 1697 ipsum
1379 1654 1414 1685 in
1434 1655 1506 1686 vitae
1524 1655 1612 1697 peri—

288 1710 360 1742 culo
384 1710 518 1742 versari:
553 1709 649 1740 homo
679 1708 862 1751 improbus,
894 1709 934 1740 ad
963 1708 1097 1751 collegas
1130 1708 1230 1739 XXX
1259 1708 1343 1739 viros
1370 1717 1552 1750 progressus
1580 1713 1612 1738 et

287 1764 426 1795 breviter
449 1774 523 1793 cum
547 1763 584 1793 iis
603 1762 773 1805 loquutuS,
798 1773 816 1793 e
837 1763 925 1794 curia
946 1763 1042 1801 exiit,
1068 1762 1224 1806 jussitque
1248 1772 1317 1800 eos,
1342 1761 1398 1802 qui
1427 1761 1497 1791 sicis
1522 1766 1612 1791 erant

288 1817 437 1855 accincti,
464 1815 503 1846 ad
523 1816 691 1855 cancellos,
719 1815 835 1858 quibus
860 1817 1070 1859 circumsepta
1090 1820 1157 1846 erat
1185 1814 1292 1853 curia,
1322 1815 1449 1844 senatus
1474 1814 1508 1844 in
1534 1825 1612 1844 con-

287 1875 431 1913 spectum
459 1868 578 1900 venire.
620 1868 704 1899 Tum
729 1870 887 1912 ingressus
917 1880 1066 1907 rursum,
1097 1867 1237 1899 oratione
1269 1865 1308 1897 ad
1332 1872 1476 1898 senatum
1504 1866 1610 1899 versa:

290 1934 309 1953 »
324 1921 496 1965 Equidem,
522 1921 694 1952 senatores!
720 1922 840 1964 inquit,
865 1933 941 1954 eum
962 1921 1101 1965 praesidis
1129 1930 1264 1952 munere
1289 1925 1374 1951 recte
1403 1919 1498 1962 fungi
1527 1920 1611 1950 exis—

290 1975 387 2015 timo,
410 1975 466 2017 qui
491 1985 562 2006 suos
587 1974 811 2007 circumveniri
836 1987 901 2008 non
925 1977 1086 2019 patiatur,
1118 1986 1215 2018 quam
1246 1973 1285 2004 ob
1309 1984 1377 2005 rem
1405 1979 1438 2005 et
1460 1974 1527 2016 ipse
1550 1973 1611 2004 hoc
