1763 2511
787 180 804 223 (
829 180 867 212 ¹5
890 180 906 224 )

172 261 212 282 ex
234 262 287 291 eo,
313 250 398 295 quod
419 251 507 283 addit
525 251 653 284 Cicero:
679 253 877 283 Antoniam
900 264 942 284 ne
966 262 1065 287 nosse
1087 258 1221 298 quidem
1242 259 1385 292 Graecos
1401 263 1507 294 videri

172 305 331 336 voluisse.
359 305 426 336 Hoc
449 311 557 337 autem
581 305 650 336 loc-o
676 316 766 337 suam
793 317 859 337 non
884 306 1024 340 declarat
1048 312 1239 344 sententiam
1263 313 1394 355 Cicero,
1423 327 1506 359 quo-

171 358 256 389 niam
279 359 337 399 iis,
369 370 441 401 quae
461 359 501 390 de
526 358 633 390 Crasso
657 364 691 390 et
710 358 849 391 Antonio
870 360 993 402 attulit,
1016 365 1167 405 narratis,
1195 366 1239 397 sic
1260 369 1384 411 pergit:
1412 371 1506 409 Quo-

171 422 244 442 rum
268 413 446 443 consilium
470 411 572 454 quale
587 411 716 454 fuerit,
743 413 833 444 nihil
854 425 937 446 sane
962 414 1011 446 ad
1032 416 1095 448 ltoe
1120 424 1261 461 tempus.

769 497 842 529 Cn.
874 498 905 530 3.

190 567 268 597 Sive
294 572 333 598 ut
359 567 418 597 ille
442 572 546 608 pater
572 568 784 611 eloquentiae
813 570 854 602 de
878 583 915 602 se
943 572 1115 605 Isocrates
1137 575 1276 617 scripsit
1298 577 1388 619 ipse,
1419 585 1480 610 etc.

211 638 343 670 Debitas
366 639 495 671 Isocrati
519 640 631 673 tribuit
655 641 765 674 laudes
789 643 911 675 Cicero.

766 736 838 767 CAP.
872 737 905 777 4.

217 805 299 836 Tum
321 805 399 843 ille,
427 817 508 849 ego,
539 807 744 844 mehercule,
773 808 886 850 inquit
909 809 1053 848 Caesar,
1082 822 1124 842 ex
1145 814 1296 845 omnibus
1321 815 1458 847 Latinis
1504 821 1506 824 “

318 859 428 889 verbis
451 877 495 884 -
518 866 581 890 aut
606 872 672 891 non
696 862 897 893 necessariis
921 865 1139 906 argutissime
1164 867 1347 909 disputare.

212 939 309 978 Quod
332 940 394 972 hoc
418 940 487 972 loco
511 941 551 972 de
570 941 691 985 ineptia
714 942 902 974 Graecorum
923 943 1047 977 disserit
1068 946 1179 979 Cicero
1195 960 1213 979 e
1228 961 1361 991 persona
1381 952 1502 993 Crassi,

165 1004 231 1024 non
256 994 351 1025 nimis
375 994 559 1037 urgendum
581 1001 638 1026 est.
664 996 805 1038 Respicit
825 997 914 1028 enim*
937 1009 990 1028 eos
1013 999 1063 1030 sui
1088 1002 1239 1043 temporis
1270 1003 1416 1045 Graecos,
1444 1007 1500 1048 qui

165 1047 228 1078 otio
252 1046 439 1087 abutentes,
466 1047 506 1078 ad
533 1049 673 1079 maxime
695 1048 806 1079 inanes
828 1055 860 1080 et
887 1051 1029 1093 pueriles
1049 1051 1339 1095 disputatiunculas
1362 1068 1395 1087 se
1422 1069 1500 1088 con—

163 1099 350 1140 vertebant,
380 1105 413 1131 et
433 1100 632 1142 gravissimas
653 1111 703 1132 res
727 1100 887 1133 levissimo
914 1103 1010 1135 modo
1033 1105 1221 1138 tractabant.
1255 1108 1306 1139 Sic
1336 1110 1422 1141 enim
1447 1111 1499 1142 hic

162 1152 371 1196 intelligenda
395 1152 548 1185 videntur
567 1153 682 1185 verba:
706 1154 768 1185 hoc
795 1156 878 1186 vitio
899 1155 1061 1201 (ineptia)
1074 1161 1248 1191 cumulata
1269 1168 1321 1192 est
1338 1164 1499 1195 eruditis—

161 1207 249 1238 sima
261 1207 325 1238 illa
346 1206 547 1238 Graecorum
562 1207 674 1238 natio:
691 1218 763 1251 quae
784 1214 893 1240 autem
913 1217 1107 1253 sequuntur,
1125 1213 1251 1245 Graecos
1266 1214 1343 1246 huic
1363 1217 1441 1248 vitio
1455 1229 1497 1249 ne

160 1271 280 1292 nomen
304 1259 436 1303 quidem
459 1260 661 1304 imposuisse,
687 1260 757 1293 haec
776 1269 895 1305 praeter
915 1264 1083 1297 veritatem
1103 1265 1181 1298 dicit
1201 1266 1322 1300 Cicero.
1340 1269 1396 1301 Est
1411 1271 1498 1302 enim

162 1314 313 1346 Graecum
332 1313 487 1355 verbum,
511 1314 600 1358 quod
619 1315 685 1348 vim
709 1316 815 1348 Latini
839 1317 972 1359 ineptus
997 1320 1169 1362 exprimit,
1194 1332 1238 1353 sc.
1263 1323 1388 1367 ἄκαιρος
1408 1325 1447 1367 (i.
1466 1335 1495 1356 e.

161 1367 291 1410 proprie
315 1367 356 1408 is,
379 1368 453 1411 qni,
484 1368 564 1411 quid
587 1368 728 1412 postulet
748 1375 894 1413 tempus,
917 1382 983 1403 non
1006 1372 1138 1415 videt);
1165 1379 1212 1405 est
1231 1382 1384 1418 praeterea
1409 1377 1496 1409 aliud

161 1413 295 1453 verbnm
321 1421 534 1465 ἀπειρόκαλος.

205 1474 358 1507 Extremo
376 1475 445 1507 loco
459 1476 579 1507 iterum
597 1475 757 1519 Sophistas
768 1488 945 1521 eorumque
959 1485 1128 1512 sectatores
1145 1482 1259 1513 merito
1274 1483 1375 1525 carpit
1383 1503 1397 1523 7>
1408 1483 1494 1525 quod

162 1525 201 1557 de
223 1527 319 1559 rebus
337 1527 545 1569 difficillimis,
569 1535 626 1561 aut
642 1540 708 1561 non
728 1532 928 1572 necessariis,
949 1533 1149 1575 argutissime
1167 1534 1305 1566 solerent
1318 1535 1491 1578 disputare.

758 1611 831 1643 cip.
862 1612 894 1645 5.

165 1681 249 1712 Tum
278 1681 444 1720 Catulus,
474 1694 516 1714 ne
545 1682 666 1714 Graeci
691 1684 842 1725 quidem,
870 1686 983 1729 inquit
1012 1705 1056 1712 -
1093 1687 1210 1720 Otium
1235 1695 1365 1727 autem,
1404 1691 1497 1733 q'uocl

567 1736 653 1768 dicis
681 1744 754 1769 esse
764 1761 777 1776 ,
808 1741 991 1778 assentior,
1021 1746 1082 1772 etc.

202 1816 351 1860 Apparet
369 1829 409 1849 ex
431 1814 492 1850 hoc
512 1815 596 1860 Ioco,
624 1816 828 1863 Ciceronem,
850 1820 910 1855 ubi
931 1819 1116 1857 Grae'corum
1135 1825 1297 1859 levitatem
1319 1833 1352 1859 et
1375 1827 1490 1871 loqua—

158 1871 288 1902 citatem
310 1872 425 1914 carpit,
451 1870 597 1916 inprimis
620 1875 721 1906 aetatis
744 1887 810 1908 suae
837 1877 964 1909 Graecos
982 1873 1175 1922 vituperare.
1199 1880 1287 1912 Bene
1311 1881 1398 1914 enim
1423 1882 1488 1914 dis-

157 1923 277 1966 tinguit
299 1924 383 1955 inter
408 1924 490 1957 clara
516 1931 549 1957 et
569 1937 684 1970 magna
705 1927 821 1961 veteris
841 1926 973 1964 Graeci‘ae
995 1931 1119 1964 lumina
1145 1939 1178 1964 et
1201 1934 1274 1965 istos
1295 1941 1484 1978 nugatore8‚

158 1986 295 2020 quorum
314 1983 395 2009 tune
411 1986 530 2022 magna
540 1982 610 2012 erat’
623 1981 734 2025 eopia,
751 1983 1104 2027 qnique'seffiominum
1121 1986 1257 2021 auribus*
1272 1988 1482 2022 inculcarent.
