1820 2568
771 240 791 280 ·(
814 239 893 282 27)

165 315 426 358 vestimentisque
447 313 483 346 in
498 314 610 357 ignem
629 311 753 355 ejectiS‚
775 310 911 343 flammae
931 312 997 345 vim
1017 314 1138 344 transit.
1166 314 1304 354 »Quem
1320 319 1357 347 ut
1370 314 1495 348 barbari

163 369 352 402 incendium
377 368 526 410 effugisse
549 365 675 398 eminus
699 364 861 404 viderent,
887 364 958 396 telis
983 366 1083 397 missis
1107 367 1359 399 interfecerunt”
1375 369 1431 411 (1)

210 423 411 454 Theramene
444 420 544 463 igitur
581 424 679 461 atque
707 417 870 450 Alcibiade
897 419 1064 460 extinctis,
1101 420 1201 452 XXX
1228 423 1356 465 tyranni
1383 433 1496 454 eorum

167 482 257 509 metu
283 475 428 514 liberati,
466 473 523 516 qui
560 473 706 516 proxime
739 472 871 503 forsitan
902 472 1056 504 libertatis
1084 474 1227 506 vindices
1254 481 1351 518 atque
1376 475 1495 507 ultores

165 529 270 562 futuri
291 528 350 559 sibi
377 526 591 566 videbantur,
620 527 711 569 quasi
734 524 797 569 jam
815 525 934 568 absque
957 526 1071 558 timore
1095 533 1128 558 et
1147 539 1205 569 pro
1229 527 1358 559 arbitrio
1383 534 1496 571 tyran-

166 583 275 615 nidem
299 592 449 613 exercere
472 580 531 612 sibi
556 580 684 620 liceret,
716 580 844 611 miseras
872 579 961 611 urbis
987 579 1138 622 reliquias
1162 579 1301 611 caedibus
1323 587 1356 612 et
1377 582 1496 624 rapinis

163 635 372 668 exhauriunt.
392 634 564 666 Neminem
584 632 880 665 animadvertebant
901 633 954 667 vel
969 633 1123 677 dignitate
1138 633 1190 665 vel
1209 633 1323 676 opibus
1338 635 1495 674 eminere,

162 689 244 733 quin
269 700 345 720 eum
370 689 475 719 statim
496 688 635 731 corripi,
660 688 694 719 in
717 698 878 719 carcerem
901 687 996 727 duci,
1023 688 1131 718 necari
1154 686 1324 731 juberent,
1350 693 1383 718 et
1407 687 1497 719 nullo

164 741 297 786 quidem
322 741 441 786 judicio
463 741 565 781 facto,
596 742 622 771 si
651 746 741 772 extra
774 740 875 772 MMM
905 740 1085 784 catalogum
1108 746 1207 781 esset;
1238 752 1313 772 cum
1338 740 1386 771 his
1411 742 1498 772 enim

163 807 222 839 pro
240 795 349 827 lubitu
363 806 457 837 agere
471 795 509 826 iis
528 805 569 826 ex
589 794 660 837 lege
680 794 821 835 licuisse,
842 794 998 827 vidimus:
1022 795 1071 825 sin
1091 805 1167 827 vero
1187 794 1320 826 divi-tem
1333 793 1497 837 quendam

163 860 205 880 ex
226 848 288 880 hoc
313 847 455 890 catalogo
475 858 590 879 necare
610 847 649 878 iis
670 847 796 878 animus
822 852 919 887 esset,
944 846 1117 886 curabant,
1141 852 1179 877 nt
1193 846 1233 877 ab
1251 847 1387 877 inimicis
1411 846 1498 888 apud

165 902 319 933 Senatum
340 902 558 941 incusaretur,
577 906 691 944 atque,
712 901 763 932 uti
780 900 971 943 praedixerat
989 899 1053 943 jam
1069 899 1301 940 Theramenes,
1323 910 1341 930 e
1361 910 1498 931 numero

165 954 328 986 deleretur
353 965 481 994 eorum,
507 954 564 997 qui
583 953 769 997 reipublicae
793 959 885 985 erant
908 954 1094 996 participes,
1118 958 1152 984 et
1172 953 1206 984 in
1231 953 1385 996 Lysandri
1410 959 1499 984 cata-

164 1008 275 1052 logum
305 1007 532 1040 inscriberetur
550 1008 607 1050 (2).
647 1006 937 1039 Calumniatoribus
964 1007 1015 1037 usi
1037 1011 1133 1044 sunt,
1161 1011 1200 1036 ut
1222 1005 1291 1037 liaec
1316 1006 1497 1046 efficerent,

165 1061 267 1093 XXX
283 1062 361 1100 viri,
376 1061 533 1102 imprimis
548 1060 685 1102 Agorato
696 1059 760 1101 (3),
779 1058 951 1098 Batracho,
970 1063 1067 1101 atque
1083 1057 1264 1100 AEschylide
1280 1057 1343 1100 (4),
1367 1059 1499 1101 aliisque

165 1112 349 1145 hominibus
369 1112 588 1155 nequissimis,
615 1111 841 1143 scelestissimis
866 1116 899 1143 et
918 1110 959 1142 ad
982 1110 1169 1143 servitutem
1198 1110 1321 1142 nefarie
1345 1112 1497 1154 promtis,

163 1167 220 1210 qui
242 1177 314 1209 quae
335 1176 352 1196 a
373 1165 516 1208 tyrannis
541 1165 719 1208 excogitata
745 1171 837 1197 erant
862 1165 897 1196 in
921 1165 1042 1197 civium
1066 1164 1263 1207 perniciem,
1289 1165 1415 1196 senatui
1441 1165 1500 1196 de—

163 1219 321 1252 ferebant.
350 1218 424 1258 Qua
447 1224 557 1250 autem
581 1218 704 1250 ratione
723 1219 759 1250 in
782 1223 895 1250 senatu
918 1217 1098 1262 judicatum
1121 1216 1239 1256 fuerit,
1265 1227 1305 1248 ex
1328 1218 1420 1260 Lysia
1445 1228 1500 1249 ac-

164 1273 308 1316 cepimus
326 1271 385 1315 (5).
416 1271 518 1302 XXX
538 1271 599 1304 viri
626 1270 779 1303 sedebant
803 1272 838 1303 in
861 1270 1033 1311 subselliis,
1056 1269 1112 1302 ubi
1143 1270 1219 1302 olim
1238 1276 1404 1314 prytanes3
1428 1271 1500 1303 duae

162 1337 281 1358 mensae
301 1330 375 1356 ante
394 1325 477 1368 ipsos
499 1323 659 1356 coHocatae
680 1330 794 1365 erant,
823 1330 856 1356 et
875 1323 1034 1369 dgbebant
1057 1323 1189 1364 calculi,
1219 1335 1300 1363 non,
1330 1324 1379 1355 uti
1403 1325 1499 1355 moris

163 1385 274 1419 erant,
299 1378 389 1410 urnis
412 1377 520 1421 injici,
547 1377 603 1409 sed
621 1378 726 1421 palam
742 1379 858 1410 mensis
879 1379 1020 1422 imponi,
1047 1378 1104 1421 qui
1127 1377 1398 1418 condemnabant,
1425 1390 1499 1421 pos-

163 1433 290 1473 teriori,
318 1433 375 1475 qui
395 1430 617 1472 absolvebant,
643 1433 759 1475 priori,
787 1431 874 1464 unde
899 1431 993 1463 facile
1015 1437 1063 1463 est
1083 1431 1269 1471 intellectu,
1299 1432 1463 1463 neminem
1482 1444 1498 1463 a

163 1492 293 1526 senatu,
323 1484 435 1516 timide
460 1485 639 1525 serviente,
670 1485 769 1517 fuisse
798 1483 990 1517 absolutum.
1021 1480 1132 1516 ')›Hac
1159 1484 1259 1527 igitur
1287 1490 1496 1527 tempestate,

166 1540 351 1573 observante
375 1540 510 1571 Isocrate
526 1539 590 1582 (6),
614 1538 717 1583 majus
738 1545 807 1571 'erat
831 1540 954 1571 crimen
980 1549 1046 1570 esse
1066 1537 1215 1577 divitem,
1242 1548 1339 1580 quam
1359 1537 1497 1568 scelera—

163 1599 252 1633 tum,
277 1592 364 1635 quod
384 1592 418 1623 hi
439 1592 541 1624 aliena
566 1592 750 1635 rapiebant,
773 1592 821 1623 illi
843 1603 914 1623 suas
936 1602 1010 1634 opes
1032 1590 1231 1621 amittebant.
1257 1590 1324 1629 Qui
1349 1591 1434 1622 enim
1457 1590 1497 1622 ad

164 1645 349 1690 reipublicae
365 1645 582 1689 gubernacula
597 1645 762 1685 sedebant,
782 1656 846 1676 non
863 1644 1089 1687 delinquentes
1104 1643 1295 1686 puniebant,
1311 1643 1366 1675 sed
1383 1644 1496 1677 divites

224 1759 263 1788 (1)
280 1759 396 1789 Ephorus
413 1759 500 1788 XVII,
520 1759 585 1789 apud
600 1759 679 1781 Diod.
701 1758 772 1787 XIV,
791 1767 826 1781 11.
845 1758 888 1789 qui
906 1759 993 1788 tradit,
1016 1763 1039 1782 et
1061 1759 1090 1781 ab
1107 1758 1162 1790 igue
1180 1762 1204 1781 et
1223 1758 1252 1781 ab
1271 1757 1442 1780 insidiantium
1462 1757 1497 1786 ja-

163 1798 224 1822 culis
238 1805 294 1822 eum
308 1806 357 1821 esse
373 1803 526 1829 superatum3
546 1798 595 1821 imo
611 1799 724 1821 Juslinus
742 1797 829 1825 refert,
848 1798 934 1822 vivum
953 1806 1008 1822 eum
1027 1803 1159 1822 crematum
1179 1798 1262 1821 fuisse.
1285 1797 1343 1821 Vid.
1360 1797 1431 1820 Plut.
1446 1797 1463 1819 l.
1479 1797 1496 1819 1.

163 1846 188 1869 p.
205 1839 262 1866 213,
283 1838 317 1867 B,
336 1838 367 1867 C,
387 1838 418 1861 D.
442 1839 538 1868 Nepos,
557 1838 583 1860 in
601 1838 685 1861 Alcih.
703 1846 722 1860 c.
738 1845 764 1868 9,
783 1845 818 1860 10.
835 1837 874 1861 Cf.
889 1838 995 1862 lVessel.
1009 1839 1040 1862 ad
1056 1839 1134 1862 Diod.
1146 1846 1171 1869 p.
1185 1838 1241 1866 646,
1260 1837 1285 1860 iu
1301 1841 1359 1860 nola
1375 1837 1405 1859 ad
1421 1844 1446 1859 n.
1458 1837 1494 1859 80.

168 1878 312 1907 Gilliesius,
332 1885 353 1900 e.
371 1886 392 1900 e.
409 1885 434 1908 p.
455 1886 496 1900 112
514 1885 562 1908 seq.
578 1882 602 1901 et
617 1886 642 1908 p.
666 1878 716 1900 184.

224 1918 257 1948 (2)
274 1918 378 1948 Lysias,
397 1925 421 1948 p.
437 1917 491 1940 425.
511 1920 589 1941 Isocr.
609 1918 664 1942 adu.
683 1918 783 1941 Gallim.
803 1925 827 1949 p.
843 1918 896 1949 894.
914 1918 979 1942 Ado.
998 1917 1142 1947 Euthynum
1154 1917 1207 1940 sine
1222 1916 1336 1945 testibus,
1357 1924 1381 1946 p.
1399 1916 1450 1946 956.

223 1957 258 1987 (5)
273 1957 380 1988 Lysias,
399 1961 483 1981 contra
498 1959 592 1988 Agma,
611 1965 636 1988 p.
653 1958 706 1981 254.
932 1963 934 1965 '

224 1997 257 2027 (4)
273 1998 382 2027 Lysias,
402 2002 486 2021 contra
502 1999 591 2026 Erat„
611 2006 636 2029 p.
655 2006 707 2029 209.

225 2036 258 2066 (5)
274 2037 339 2060 Adv.
357 2038 450 2068 Agon,
473 2045 498 2068 p.
515 2038 567 2061 245.

225 2077 258 2107 (6)
274 2077 302 2100 L.
319 2077 337 2101 l.
357 2085 382 2108 p.
404 2078 455 2108 962.
