1820 2568
749 188 849 230 (7)

127 264 318 295 accendunt.
345 263 439 295 Haud
463 274 515 295 me
539 263 625 305 fugit
647 261 687 292 ab
708 263 891 293 institutore
918 273 983 294 non
1009 264 1130 307 requiri
1156 271 1213 304 ut,
1239 267 1331 298 editis
1353 266 1465 308 libris,

129 318 262 349 solertiae
290 324 323 349 et
348 318 529 360 impigritiae
558 316 731 359 specimina
761 315 916 347 ostendat.
945 316 1015 347 Non
1044 318 1091 349 illi
1116 330 1241 363 semper
1271 322 1462 364 professores

126 373 258 415 optimi,
285 371 340 413 qui
367 370 612 413 praestantissimi
634 370 818 412 scriptores3
841 376 873 401 at
892 382 957 401 non
974 383 1107 413 parum,
1121 384 1159 404 ex
1180 373 1334 417 ejusmodi
1357 376 1456 408 doctis

128 425 306 463 laboribus,
329 425 363 454 in
384 423 570 454 Academias
590 423 766 465 splendoris
787 423 920 462 recidit,
942 435 1002 455 nec
1024 437 1094 456 meo
1115 438 1166 457 me
1187 427 1288 458 officio
1310 428 1461 460 functum

129 478 310 516 arbitrarer,
329 477 387 507 nisi
402 487 490 519 quae,
512 487 564 507 me
583 476 730 516 Rectore,
753 476 947 520 collegarum
969 489 1064 521 opera
1085 480 1119 510 in
1135 480 1240 512 lucem
1256 482 1460 523 prodierunt,

127 542 322 563 recenserem
329 554 335 561 .

167 585 206 615 G.
228 585 265 614 L.
289 584 426 623 Mahne,
452 590 566 626 praeter
587 583 830 626 Wyttenbacliii
854 584 952 616 vitam
966 609 974 624 ,
997 585 1096 617 latino
1117 598 1261 618 sermone
1285 588 1456 631 elegantis—

124 639 203 669 sime
227 638 397 680 scriptam,
421 637 633 680 autographos
656 648 692 668 ac
717 637 861 669 nondum
880 638 980 670 editos
1000 640 1140 682 magistri
1163 642 1212 672 sui
1234 642 1356 672 codices
1377 644 1459 685 typis

124 690 296 722 mandand1
320 691 486 722 consilium
511 692 616 733 cepit,
638 697 670 722 et
685 692 800 740 partim
822 699 1008 732 exsecutus,
1026 692 1089 736 jam
1107 694 1192 725 illius
1209 697 1456 739 metaphysicam

123 743 287 786 vulgavit,
313 755 387 775 cum
414 745 559 786 quinque
581 744 643 774 illis
665 738 887 776 laudatissimis
907 745 1098 778 lectionibus
1118 747 1235 790 quibus
1254 748 1409 788 Platonis,
1426 756 1458 780 et

125 797 187 839 qui
210 803 284 827 ante
309 797 401 828 illum
430 797 584 836 fuerunt,
612 797 896 839 philosophorum,
926 801 1117 838 sententias,
1149 801 1188 831 de
1221 802 1458 833 immortalitate

125 850 321 888 animorum,
344 849 507 892 discipulis
528 850 592 881 suis
612 851 770 892 exposuit.
793 850 888 889 Quod
913 863 1009 894 quam
1033 852 1178 895 diligenti
1200 865 1275 885 cura
1299 866 1315 885 a
1337 855 1456 898 collega

124 908 230 933 nostro
249 903 370 934 factum
391 904 450 942 sit,
473 909 505 934 et
520 915 616 946 quam
638 903 736 934 doctis
756 904 998 946 praefationibus
1018 907 1150 937 eximios
1168 907 1263 938 libros
1278 909 1455 949 ornaverit,

124 966 219 986 nemo
248 956 390 998 ignorat,
423 957 479 998 qui
508 957 541 986 in
573 956 731 987 academia
763 963 867 987 nostra
898 969 962 988 non
991 960 1179 1001 peregrinus
1207 967 1361 991 versatur.
1390 961 1456 993 Nec

124 1008 279 1039 modicam
308 1020 437 1050 quoque
461 1008 519 1039 sibi
544 1009 716 1051 diligentiae
746 1008 874 1040 landem
904 1012 1119 1053 comparavit,
1150 1012 1232 1043 binis
1261 1014 1455 1046 orationibus

122 1071 258 1102 quarum
284 1071 368 1099 una,
399 1060 564 1091 literarum
592 1061 820 1093 humaniorum
840 1068 872 1093 et
902 1063 1110 1107 philosophiae
1139 1065 1320 1097 theoreticae
1342 1067 1455 1098 candi—

121 1112 208 1143 datos
234 1113 390 1144 allocutus
415 1119 477 1153 est,
505 1114 620 1153 altera,
648 1114 688 1146 de
710 1115 823 1146 scholis
845 1117 1033 1148 inchoandis
1053 1118 1175 1157 habita,
1202 1131 1266 1151 non
1286 1120 1375 1151 nulla
1393 1133 1457 1153 au—

121 1165 237 1197 ditores
251 1167 479 1209 sapientissime
498 1170 706 1210 praemonuit,
732 1180 807 1212 quae
826 1170 866 1201 ad
891 1170 1032 1203 discendi
1051 1178 1083 1203 et
1102 1172 1236 1204 docendi
1257 1175 1454 1216 provinciam

120 1225 273 1261 spectant.

163 1273 240 1304 Rev.
253 1273 283 1303 J.
298 1272 342 1303 M.
357 1273 508 1312 Schrant‚
522 1274 659 1305 historiae
671 1274 807 1317 Belgicae
824 1277 1066 1319 compendium,
1082 1279 1182 1321 patria
1197 1279 1324 1322 lingua,
1336 1280 1451 1320 edidit,

120 1325 368 1369 brevissimoque
383 1327 490 1358 libello
505 1334 731 1369 argumentum
747 1330 932 1372 complexus
946 1337 993 1362 est
1012 1331 1096 1374 quod
1106 1356 1114 1370 ,
1131 1332 1270 1363 uberiori
1286 1333 1451 1372 facundia,

118 1379 152 1409 in
176 1378 433 1421 praelectionibus
455 1380 591 1423 publicis
616 1382 819 1424 interpretari
844 1383 943 1423 solet3
968 1396 1028 1416 nec
1048 1386 1221 1417 omittenda
1243 1386 1296 1417 illa
1317 1398 1450 1430 respon-

116 1432 162 1462 sio
182 1443 261 1474 qua,
282 1443 355 1463 cum
377 1432 416 1463 ab
434 1434 620 1465 inconsultis
640 1435 789 1478 sophistis
808 1437 988 1469 inconsulte
1006 1438 1168 1470 lacessitus
1190 1445 1285 1479 esset,
1307 1447 1340 1471 et
1359 1452 1449 1471 suam

117 1495 278 1516 sacrorum
303 1485 450 1517 codicum
476 1488 640 1519 scientiam
660 1495 693 1520 et
717 1489 969 1523 adversariorum
991 1492 1154 1525 levitatem
1175 1493 1337 1535 eleganter
1357 1505 1447 1536 aeque

118 1548 154 1567 ac
177 1538 337 1570 moderate
360 1539 599 1572 demonstravit.

159 1589 189 1620 J.
214 1590 250 1620 C.
277 1602 338 1622 van
363 1592 567 1631 Rotterdam,
589 1595 645 1635 qui
669 1605 734 1624 non
758 1596 803 1625 ita
826 1607 908 1627 nova
932 1602 1093 1637 sectatur,
1115 1604 1153 1629 ut
1173 1604 1280 1630 vetera
1303 1605 1447 1642 respuat,

117 1654 176 1674 nec
197 1644 240 1674 ita
256 1643 404 1675 abhorret
417 1657 433 1676 a
450 1646 694 1685 recentioribus,
714 1653 751 1678 ut
770 1659 845 1679 cum
868 1649 1008 1692 antiquis
1027 1661 1151 1693 semper
1171 1652 1362 1691 consentiat,
1378 1665 1448 1684 ma·-

116 1706 178 1737 gno
195 1697 426 1739 principiorum
440 1705 610 1741 apparatu,
626 1699 948 1744 observationumque
962 1703 1021 1734 sibi
1035 1704 1227 1747 plerumque
1243 1706 1444 1748 propriarum

115 1748 278 1779 luculenta
301 1751 400 1789 serie,
423 1762 537 1783 novam
558 1753 709 1784 Italorum
731 1753 906 1787 doctrinam
926 1767 1042 1798 quam,
1059 1758 1169 1800 paucis
1190 1758 1335 1800 adjectis,
1354 1772 1444 1792 suam

111 1800 189 1832 fecit
213 1802 355 1833 medicus
378 1804 559 1835 Parisiensis
584 1805 764 1847 Broussais,
790 1810 906 1852 scripto
930 1810 1120 1842 confutavit.

157 1854 186 1885 J.
205 1855 241 1886 F.
259 1856 345 1899 Kluy
348 1856 455 1896 skens,
472 1858 511 1889 de
527 1861 656 1891 materia
672 1861 794 1893 medica
811 1862 931 1894 librum
952 1865 1142 1906 composuit,
1165 1876 1261 1908 quem
1278 1877 1443 1899 commen—

115 1907 192 1939 dant
206 1908 278 1952 styli
293 1911 517 1952 perspicuitas,
537 1912 612 1944 ordo
627 1913 769 1956 lucidus,
786 1927 888 1960 eaque
902 1919 1076 1960 praesertim
1091 1918 1229 1950 eruditio
1244 1930 1306 1962 qua
1322 1920 1441 1952 sactum

115 1966 161 1990 est
180 1967 233 2001 ut,
258 1973 333 1993 cum
356 1962 491 1995 aliorum
515 1964 654 1997 collectis
677 1973 709 1998 et
729 1980 790 2000 usu
806 1969 976 2012 exploratis
1001 1971 1347 2014 animadversionibus,
1371 1986 1441 2006 suas

114 2012 284 2055 addiderit,
309 2017 536 2059 compendium
551 2019 733 2053 exhibuerit
750 2024 870 2055 caeteris
893 2024 1041 2057 omnibus
1055 2025 1150 2069 longe
1167 2028 1436 2070 anteponendum
