1820 2568
143 436 447 470 PERILLUSTRES
492 434 721 467 ACADEMIAE
767 434 1037 468 CURATORES!

140 559 427 594 PROFESSORES
473 558 723 591 CLARISSIMI!

141 684 405 717 ORNATISSIMI
449 682 795 724 ADOLESCENTES,
841 682 937 716 SPES
981 685 1233 718 ACADEMIAE!

139 808 316 841 OMNIUM
361 805 560 838 ORDINUM
605 805 867 837 AUDITORES!

140 1010 312 1082 Qmmvis
341 1039 495 1069 usitatum
524 1037 564 1066 sit
591 1041 625 1066 et
649 1035 713 1078 legi
742 1034 931 1067 academicae
959 1042 1232 1078 consentaneum,
1264 1045 1301 1070 ut
1330 1039 1468 1082 Rector,

138 1090 238 1121 fasces
263 1089 484 1133 deposituruS,
507 1088 547 1120 de
571 1089 660 1130 gravi
685 1088 822 1131 quodam
848 1095 1059 1132 argumento,
1093 1092 1159 1123 sive
1187 1091 1227 1122 ad
1255 1092 1469 1128 eruditionem

138 1142 219 1174 illud
245 1149 384 1185 spectet,
417 1143 484 1173 sive
506 1141 545 1172 ad
567 1141 693 1181 literas,
726 1147 783 1172 aut
804 1142 963 1173 doctrinas
984 1143 1126 1183 altiores,
1152 1144 1327 1176 solemnem
1351 1147 1469 1177 oratio—

137 1206 211 1227 nem
233 1195 367 1234 habeat,
388 1195 672 1238 i‘nconsultumque
693 1206 758 1225 non
778 1195 875 1226 nullis
901 1195 1003 1227 videri
1028 1198 1139 1239 possit,
1165 1209 1217 1229 me
1238 1210 1254 1229 a
1272 1210 1383 1242 eampo
1410 1200 1470 1231 de·-

136 1248 265 1280 ssectere
279 1259 337 1291 per
351 1260 448 1291 quem
460 1248 512 1278 alii
530 1248 598 1279 fere
612 1258 737 1287 omneS,
755 1254 864 1286 antea,
886 1259 984 1291 equos
1000 1248 1134 1290 flexere3
1155 1261 1228 1282 cum
1247 1263 1328 1283 nova
1346 1251 1467 1293 dicere,

139 1307 196 1332 aut
211 1301 274 1344 jam
293 1307 365 1331 nota
378 1324 386 1339 ‚
405 1300 517 1331 callida
534 1299 705 1332 verborum
725 1299 873 1343 junctura
885 1325 893 1340 ,
910 1312 992 1333 nova
1005 1302 1138 1334 reddere
1155 1303 1328 1336 admodum
1340 1304 1468 1337 difficile

136 1355 197 1392 sit,
221 1364 302 1391 nec,
329 1353 385 1396 qui
417 1353 571 1395 praeivere
587 1376 595 1392 ,
624 1352 783 1384 indictum
815 1353 988 1396 quicquam
1024 1355 1234 1398 reliquerint,
1265 1368 1306 1388 ne
1333 1358 1469 1400 repetita

136 1406 263 1438 crambe
287 1407 446 1438 auditores
472 1407 600 1438 miseros
624 1406 823 1446 occiderem,
848 1413 894 1438 sat
923 1408 1072 1439 futurum
1099 1409 1196 1440 fuisse
1221 1411 1419 1450 existimavi,
1442 1411 1468 1441 si

137 1459 176 1490 de
195 1459 291 1490 rebus
309 1459 479 1490 academiae
500 1465 632 1498 nostrae,
655 1470 728 1490 cum
750 1459 888 1491 adversis
909 1465 978 1491 tum
997 1462 1171 1503 prosperis,
1197 1462 1312 1502 verba,
1336 1469 1470 1494 utcum-

137 1522 199 1554 que
212 1535 220 1550 ,
245 1512 396 1543 facerem.
419 1512 490 1543 Non
509 1513 615 1543 nescio
638 1512 714 1542 hinc
732 1512 766 1542 in
787 1524 838 1543 me
859 1513 966 1544 minus
986 1513 1089 1544 laudis
1109 1514 1364 1547 redundaturum
1378 1526 1399 1554 ,⁴
1413 1516 1469 1547 sed

137 1563 177 1595 de
195 1565 363 1597 academiae
384 1565 523 1605 honore,
540 1577 605 1597 non
628 1565 667 1596 de
690 1566 819 1596 oratoris
840 1566 923 1596 fama
946 1567 1068 1607 agitur,
1089 1578 1149 1596 nec
1167 1569 1235 1598 sine
1254 1579 1363 1607 causa,
1381 1570 1469 1611 regio

137 1616 265 1649 decreto
285 1619 442 1649 sancitum
467 1624 532 1657 est,
558 1624 596 1648 ut
619 1624 698 1648 tuno
724 1618 922 1649 solummodo
945 1619 985 1649 ad
1009 1621 1191 1650 communia
1217 1626 1249 1650 et
1273 1620 1410 1662 publici,
1433 1628 1470 1652 ut

137 1671 181 1701 ita
202 1670 325 1709 dicam,
346 1671 425 1714 juris
446 1677 633 1714 argumenta
647 1695 655 1710 ‚
673 1682 843 1702 excurrere
865 1671 991 1710 liceret,
1014 1684 1105 1711 cum,
1125 1673 1256 1714 privatis
1275 1672 1370 1704 rebus
1389 1674 1470 1705 con—

137 1723 239 1762 tenti,
264 1734 328 1754 non
349 1724 422 1754 satis
442 1724 581 1766 amplam
602 1723 728 1754 dicendi
749 1724 872 1765 copiam
891 1723 1034 1754 habituri
1050 1735 1199 1756 essemus.
1217 1725 1305 1764 Quid
1325 1727 1412 1758 eui'm
1435 1728 1469 1758 in

136 1775 273 1807 stadium
297 1777 388 1806 toties
417 1776 587 1808 decursum
611 1776 759 1819 prodire,
785 1783 817 1807 et
836 1777 985 1819 Logicam
999 1800 1008 1816 ,
1029 1777 1215 1808 adversante
1236 1777 1343 1818 nullo,
1367 1779 1469 1819 tueri,

136 1834 169 1859 et
191 1828 350 1860 Mathesin
375 1828 568 1868 defendere,
591 1840 688 1871 quam
710 1841 804 1860 nemo
826 1830 1010 1873 impugnat,
1026 1836 1059 1861 et
1080 1831 1189 1862 Artem
1209 1831 1374 1871 medendi,
1391 1844 1469 1864 con-

137 1881 294 1912 sentiente
316 1881 392 1912 orbe
417 1882 586 1921 universo,
611 1882 812 1913 salutiferam
835 1883 961 1923 dicere,
983 1889 1015 1914 et
1040 1889 1161 1916 veteres
1187 1884 1318 1916 laudare
1343 1886 1466 1925 Musas,

137 1945 214 1977 quas
235 1945 345 1965 omnes
365 1934 557 1974 laudarunt,
582 1941 615 1966 et
633 1935 871 1967 Pandectarum
889 1936 985 1967 libros
1004 1936 1194 1979 praedicare,
1214 1938 1296 1969 nulli
1316 1950 1380 1969 non
1398 1950 1467 1981 pro—

137 1984 243 2026 batos,
263 1997 339 2019 cum
361 1987 446 2018 ultro
465 1998 499 2019 se
521 1987 611 2020 nobis
631 1989 780 2031 propiora
799 1989 954 2030 offerant,
983 2000 1056 2032 quae
1078 2000 1098 2020 e
1122 1989 1215 2021 domo
1242 1996 1275 2021 et
1303 1991 1469 2033 penatibus
